{"config": {"view": {"continuousWidth": 400, "continuousHeight": 300}}, "layer": [{"mark": {"type": "point", "color": "red"}, "encoding": {"color": {"type": "nominal", "field": "side"}, "tooltip": [{"type": "nominal", "field": "side"}, {"type": "quantitative", "field": "price"}, {"type": "quantitative", "field": "quantity"}], "x": {"type": "temporal", "field": "date", "scale": {"zero": false}}, "y": {"type": "quantitative", "field": "price", "scale": {"zero": false}}}, "width": 950}, {"mark": {"type": "line", "color": "lightgray"}, "encoding": {"x": {"type": "temporal", "field": "date", "scale": {"zero": false}}, "y": {"type": "quantitative", "field": "Mean"}}, "width": 950}], "data": {"name": "data-534d259afed8cb6d25f98bc5e2473420"}, "$schema": "https://vega.github.io/schema/vega-lite/v4.8.1.json", "datasets": {"data-534d259afed8cb6d25f98bc5e2473420": [{"id": 2275692, "date": "2021-05-14T03:20:55.151000+00:00", "price": 49414.78, "quantity": 0.020236, "market": "Binance", "side": "buy", "Mean": 49390.703760000004}, {"id": 2275691, "date": "2021-05-14T03:20:55.119000+00:00", "price": 49414.77, "quantity": 0.045881, "market": "Binance", "side": "sell", "Mean": 49390.703760000004}, {"id": 2275690, "date": "2021-05-14T03:20:55.074000+00:00", "price": 49414.77, "quantity": 0.000539, "market": "Binance", "side": "sell", "Mean": 49390.703760000004}, {"id": 2275689, "date": "2021-05-14T03:20:55.058000+00:00", "price": 49414.78, "quantity": 0.003401, "market": "Binance", "side": "buy", "Mean": 49390.703760000004}, {"id": 2275688, "date": "2021-05-14T03:20:55.032000+00:00", "price": 49414.77, "quantity": 0.051337, "market": "Binance", "side": "sell", "Mean": 49390.703760000004}, {"id": 2275685, "date": "2021-05-14T03:20:54.951000+00:00", "price": 49409.95, "quantity": 0.001201, "market": "Binance", "side": "buy", "Mean": 49390.703760000004}, {"id": 2275686, "date": "2021-05-14T03:20:54.951000+00:00", "price": 49410.35, "quantity": 0.000404, "market": "Binance", "side": "buy", "Mean": 49390.703760000004}, {"id": 2275687, "date": "2021-05-14T03:20:54.951000+00:00", "price": 49414.78, "quantity": 0.198442, "market": "Binance", "side": "buy", "Mean": 49390.703760000004}, {"id": 2275678, "date": "2021-05-14T03:20:54.416000+00:00", "price": 49409.91, "quantity": 0.152222, "market": "Binance", "side": "buy", "Mean": 49390.703760000004}, {"id": 2275677, "date": "2021-05-14T03:20:54.236000+00:00", "price": 49409.91, "quantity": 0.239512, "market": "Binance", "side": "buy", "Mean": 49390.703760000004}, {"id": 2275675, "date": "2021-05-14T03:20:54.180000+00:00", "price": 49409.91, "quantity": 0.008095, "market": "Binance", "side": "buy", "Mean": 49390.703760000004}, {"id": 2275674, "date": "2021-05-14T03:20:53.824000+00:00", "price": 49407.53, "quantity": 0.013703, "market": "Binance", "side": "sell", "Mean": 49390.703760000004}, {"id": 2275672, "date": "2021-05-14T03:20:53.720000+00:00", "price": 49407.53, "quantity": 0.008767, "market": "Binance", "side": "sell", "Mean": 49390.703760000004}, {"id": 2275671, "date": "2021-05-14T03:20:53.593000+00:00", "price": 49407.53, "quantity": 0.001015, "market": "Binance", "side": "sell", "Mean": 49390.703760000004}, {"id": 2275669, "date": "2021-05-14T03:20:53.483000+00:00", "price": 49409.97, "quantity": 0.000687, "market": "Binance", "side": "buy", "Mean": 49390.703760000004}, {"id": 2275668, "date": "2021-05-14T03:20:53.343000+00:00", "price": 49409.97, "quantity": 0.00344, "market": "Binance", "side": "buy", "Mean": 49390.703760000004}, {"id": 2275666, "date": "2021-05-14T03:20:52.679000+00:00", "price": 49409.96, "quantity": 0.016782, "market": "Binance", "side": "sell", "Mean": 49390.703760000004}, {"id": 2275665, "date": "2021-05-14T03:20:52.621000+00:00", "price": 49409.96, "quantity": 0.000808, "market": "Binance", "side": "sell", "Mean": 49390.703760000004}, {"id": 2275663, "date": "2021-05-14T03:20:52.302000+00:00", "price": 49406.87, "quantity": 0.000404, "market": "Binance", "side": "sell", "Mean": 49390.703760000004}, {"id": 2275664, "date": "2021-05-14T03:20:52.302000+00:00", "price": 49403.64, "quantity": 0.008977, "market": "Binance", "side": "sell", "Mean": 49390.703760000004}, {"id": 2275654, "date": "2021-05-14T03:20:52.090000+00:00", "price": 49404.17, "quantity": 3.7e-05, "market": "Binance", "side": "buy", "Mean": 49390.703760000004}, {"id": 2275655, "date": "2021-05-14T03:20:52.090000+00:00", "price": 49404.42, "quantity": 0.015618, "market": "Binance", "side": "buy", "Mean": 49390.703760000004}, {"id": 2275656, "date": "2021-05-14T03:20:52.090000+00:00", "price": 49407.5, "quantity": 0.01, "market": "Binance", "side": "buy", "Mean": 49390.703760000004}, {"id": 2275657, "date": "2021-05-14T03:20:52.090000+00:00", "price": 49407.97, "quantity": 0.015054, "market": "Binance", "side": "buy", "Mean": 49390.703760000004}, {"id": 2275658, "date": "2021-05-14T03:20:52.090000+00:00", "price": 49408.95, "quantity": 0.032885, "market": "Binance", "side": "buy", "Mean": 49390.703760000004}, {"id": 2275659, "date": "2021-05-14T03:20:52.090000+00:00", "price": 49409.37, "quantity": 0.060876, "market": "Binance", "side": "buy", "Mean": 49390.703760000004}, {"id": 2275660, "date": "2021-05-14T03:20:52.090000+00:00", "price": 49409.38, "quantity": 0.012291, "market": "Binance", "side": "buy", "Mean": 49390.703760000004}, {"id": 2275661, "date": "2021-05-14T03:20:52.090000+00:00", "price": 49409.98, "quantity": 0.004, "market": "Binance", "side": "buy", "Mean": 49390.703760000004}, {"id": 2275662, "date": "2021-05-14T03:20:52.090000+00:00", "price": 49409.99, "quantity": 0.049286, "market": "Binance", "side": "buy", "Mean": 49390.703760000004}, {"id": 2275651, "date": "2021-05-14T03:20:51.969000+00:00", "price": 49404.17, "quantity": 0.018841, "market": "Binance", "side": "buy", "Mean": 49390.703760000004}, {"id": 2275649, "date": "2021-05-14T03:20:51.607000+00:00", "price": 49404.17, "quantity": 0.001416, "market": "Binance", "side": "buy", "Mean": 49390.703760000004}, {"id": 2275647, "date": "2021-05-14T03:20:51.493000+00:00", "price": 49404.16, "quantity": 0.007196, "market": "Binance", "side": "sell", "Mean": 49390.703760000004}, {"id": 2275646, "date": "2021-05-14T03:20:51.421000+00:00", "price": 49404.16, "quantity": 0.006782, "market": "Binance", "side": "sell", "Mean": 49390.703760000004}, {"id": 2275641, "date": "2021-05-14T03:20:51.376000+00:00", "price": 49404.18, "quantity": 0.020875, "market": "Binance", "side": "buy", "Mean": 49390.703760000004}, {"id": 2275640, "date": "2021-05-14T03:20:51.325000+00:00", "price": 49404.2, "quantity": 0.00155, "market": "Binance", "side": "buy", "Mean": 49390.703760000004}, {"id": 2275637, "date": "2021-05-14T03:20:51.305000+00:00", "price": 49404.22, "quantity": 0.007951, "market": "Binance", "side": "buy", "Mean": 49390.703760000004}, {"id": 2275634, "date": "2021-05-14T03:20:50.970000+00:00", "price": 49404.36, "quantity": 0.008075, "market": "Binance", "side": "buy", "Mean": 49390.703760000004}, {"id": 2275632, "date": "2021-05-14T03:20:50.937000+00:00", "price": 49396.32, "quantity": 4.9e-05, "market": "Binance", "side": "buy", "Mean": 49390.703760000004}, {"id": 2275633, "date": "2021-05-14T03:20:50.937000+00:00", "price": 49404.38, "quantity": 0.001858, "market": "Binance", "side": "buy", "Mean": 49390.703760000004}, {"id": 2275631, "date": "2021-05-14T03:20:50.928000+00:00", "price": 49396.32, "quantity": 0.009842, "market": "Binance", "side": "buy", "Mean": 49390.703760000004}, {"id": 2275627, "date": "2021-05-14T03:20:50.858000+00:00", "price": 49396.3, "quantity": 1.2e-05, "market": "Binance", "side": "buy", "Mean": 49390.703760000004}, {"id": 2275628, "date": "2021-05-14T03:20:50.858000+00:00", "price": 49396.32, "quantity": 0.009878, "market": "Binance", "side": "buy", "Mean": 49390.703760000004}, {"id": 2275626, "date": "2021-05-14T03:20:50.827000+00:00", "price": 49396.3, "quantity": 0.019764, "market": "Binance", "side": "buy", "Mean": 49390.703760000004}, {"id": 2275625, "date": "2021-05-14T03:20:50.778000+00:00", "price": 49396.29, "quantity": 0.019769, "market": "Binance", "side": "sell", "Mean": 49390.703760000004}, {"id": 2275624, "date": "2021-05-14T03:20:50.514000+00:00", "price": 49396.29, "quantity": 0.002024, "market": "Binance", "side": "sell", "Mean": 49390.703760000004}, {"id": 2275623, "date": "2021-05-14T03:20:50.427000+00:00", "price": 49396.29, "quantity": 0.000627, "market": "Binance", "side": "sell", "Mean": 49390.703760000004}, {"id": 2275622, "date": "2021-05-14T03:20:50.270000+00:00", "price": 49396.3, "quantity": 0.044911, "market": "Binance", "side": "buy", "Mean": 49390.703760000004}, {"id": 2275618, "date": "2021-05-14T03:20:50.150000+00:00", "price": 49396.3, "quantity": 0.003318, "market": "Binance", "side": "buy", "Mean": 49390.703760000004}, {"id": 2275617, "date": "2021-05-14T03:20:50.129000+00:00", "price": 49396.3, "quantity": 0.009074, "market": "Binance", "side": "buy", "Mean": 49390.703760000004}, {"id": 2275616, "date": "2021-05-14T03:20:50.126000+00:00", "price": 49396.3, "quantity": 0.010089, "market": "Binance", "side": "buy", "Mean": 49390.703760000004}, {"id": 2275614, "date": "2021-05-14T03:20:50.106000+00:00", "price": 49396.3, "quantity": 0.000404, "market": "Binance", "side": "buy", "Mean": 49390.703760000004}, {"id": 2275610, "date": "2021-05-14T03:20:49.078000+00:00", "price": 49396.3, "quantity": 0.200161, "market": "Binance", "side": "buy", "Mean": 49390.703760000004}, {"id": 2275609, "date": "2021-05-14T03:20:48.968000+00:00", "price": 49396.3, "quantity": 0.001467, "market": "Binance", "side": "buy", "Mean": 49390.703760000004}, {"id": 2275608, "date": "2021-05-14T03:20:48.961000+00:00", "price": 49396.3, "quantity": 0.007153, "market": "Binance", "side": "buy", "Mean": 49390.703760000004}, {"id": 2275607, "date": "2021-05-14T03:20:48.915000+00:00", "price": 49396.3, "quantity": 0.019233, "market": "Binance", "side": "buy", "Mean": 49390.703760000004}, {"id": 2275606, "date": "2021-05-14T03:20:48.907000+00:00", "price": 49396.3, "quantity": 0.021126, "market": "Binance", "side": "buy", "Mean": 49390.703760000004}, {"id": 2275604, "date": "2021-05-14T03:20:48.826000+00:00", "price": 49397.14, "quantity": 0.115351, "market": "Binance", "side": "buy", "Mean": 49390.703760000004}, {"id": 2275603, "date": "2021-05-14T03:20:48.776000+00:00", "price": 49401.44, "quantity": 0.004681, "market": "Binance", "side": "sell", "Mean": 49390.703760000004}, {"id": 2275602, "date": "2021-05-14T03:20:48.738000+00:00", "price": 49401.44, "quantity": 0.003, "market": "Binance", "side": "sell", "Mean": 49390.703760000004}, {"id": 2275601, "date": "2021-05-14T03:20:48.734000+00:00", "price": 49401.45, "quantity": 0.12782, "market": "Binance", "side": "buy", "Mean": 49390.703760000004}, {"id": 2275600, "date": "2021-05-14T03:20:48.681000+00:00", "price": 49401.44, "quantity": 0.010824, "market": "Binance", "side": "sell", "Mean": 49390.703760000004}, {"id": 2275599, "date": "2021-05-14T03:20:48.632000+00:00", "price": 49401.44, "quantity": 0.10684, "market": "Binance", "side": "sell", "Mean": 49390.703760000004}, {"id": 2275598, "date": "2021-05-14T03:20:48.571000+00:00", "price": 49401.45, "quantity": 0.012663, "market": "Binance", "side": "buy", "Mean": 49390.703760000004}, {"id": 2275597, "date": "2021-05-14T03:20:48.560000+00:00", "price": 49401.45, "quantity": 0.299081, "market": "Binance", "side": "buy", "Mean": 49390.703760000004}, {"id": 2275595, "date": "2021-05-14T03:20:48.527000+00:00", "price": 49405.83, "quantity": 0.000206, "market": "Binance", "side": "sell", "Mean": 49390.703760000004}, {"id": 2275596, "date": "2021-05-14T03:20:48.527000+00:00", "price": 49401.44, "quantity": 0.000741, "market": "Binance", "side": "sell", "Mean": 49390.703760000004}, {"id": 2275594, "date": "2021-05-14T03:20:48.507000+00:00", "price": 49405.83, "quantity": 0.000748, "market": "Binance", "side": "sell", "Mean": 49390.703760000004}, {"id": 2275591, "date": "2021-05-14T03:20:48.261000+00:00", "price": 49408.35, "quantity": 0.037419, "market": "Binance", "side": "sell", "Mean": 49390.703760000004}, {"id": 2275590, "date": "2021-05-14T03:20:48.008000+00:00", "price": 49408.36, "quantity": 0.04142, "market": "Binance", "side": "buy", "Mean": 49390.703760000004}, {"id": 2275589, "date": "2021-05-14T03:20:47.925000+00:00", "price": 49408.36, "quantity": 0.000399, "market": "Binance", "side": "buy", "Mean": 49390.703760000004}, {"id": 2275586, "date": "2021-05-14T03:20:47.358000+00:00", "price": 49405.88, "quantity": 0.000613, "market": "Binance", "side": "buy", "Mean": 49390.703760000004}, {"id": 2275583, "date": "2021-05-14T03:20:46.776000+00:00", "price": 49405.87, "quantity": 0.000468, "market": "Binance", "side": "sell", "Mean": 49390.703760000004}, {"id": 2275582, "date": "2021-05-14T03:20:46.577000+00:00", "price": 49405.87, "quantity": 0.010824, "market": "Binance", "side": "sell", "Mean": 49390.703760000004}, {"id": 2275581, "date": "2021-05-14T03:20:46.556000+00:00", "price": 49408.35, "quantity": 0.137503, "market": "Binance", "side": "sell", "Mean": 49390.703760000004}, {"id": 2275580, "date": "2021-05-14T03:20:46.524000+00:00", "price": 49408.35, "quantity": 0.112497, "market": "Binance", "side": "sell", "Mean": 49390.703760000004}, {"id": 2275578, "date": "2021-05-14T03:20:46.242000+00:00", "price": 49411.29, "quantity": 0.005459, "market": "Binance", "side": "sell", "Mean": 49390.703760000004}, {"id": 2275577, "date": "2021-05-14T03:20:46.200000+00:00", "price": 49409.39, "quantity": 0.003998, "market": "Binance", "side": "buy", "Mean": 49390.703760000004}, {"id": 2275576, "date": "2021-05-14T03:20:46.193000+00:00", "price": 49409.39, "quantity": 0.200408, "market": "Binance", "side": "buy", "Mean": 49390.703760000004}, {"id": 2275575, "date": "2021-05-14T03:20:46.175000+00:00", "price": 49409.38, "quantity": 0.000411, "market": "Binance", "side": "sell", "Mean": 49390.703760000004}, {"id": 2275570, "date": "2021-05-14T03:20:46.053000+00:00", "price": 49406.36, "quantity": 0.087301, "market": "Binance", "side": "sell", "Mean": 49390.703760000004}, {"id": 2275569, "date": "2021-05-14T03:20:46.035000+00:00", "price": 49406.36, "quantity": 0.009821, "market": "Binance", "side": "sell", "Mean": 49390.703760000004}, {"id": 2275565, "date": "2021-05-14T03:20:45.990000+00:00", "price": 49405.33, "quantity": 0.017791, "market": "Binance", "side": "buy", "Mean": 49390.703760000004}, {"id": 2275563, "date": "2021-05-14T03:20:45.962000+00:00", "price": 49405.06, "quantity": 0.1, "market": "Binance", "side": "buy", "Mean": 49390.703760000004}, {"id": 2275557, "date": "2021-05-14T03:20:45.958000+00:00", "price": 49400.9, "quantity": 0.219922, "market": "Binance", "side": "buy", "Mean": 49390.703760000004}, {"id": 2275558, "date": "2021-05-14T03:20:45.958000+00:00", "price": 49401.21, "quantity": 0.1, "market": "Binance", "side": "buy", "Mean": 49390.703760000004}, {"id": 2275559, "date": "2021-05-14T03:20:45.958000+00:00", "price": 49402.88, "quantity": 0.182047, "market": "Binance", "side": "buy", "Mean": 49390.703760000004}, {"id": 2275560, "date": "2021-05-14T03:20:45.958000+00:00", "price": 49403.32, "quantity": 0.010123, "market": "Binance", "side": "buy", "Mean": 49390.703760000004}, {"id": 2275561, "date": "2021-05-14T03:20:45.958000+00:00", "price": 49404.41, "quantity": 0.1204, "market": "Binance", "side": "buy", "Mean": 49390.703760000004}, {"id": 2275562, "date": "2021-05-14T03:20:45.958000+00:00", "price": 49404.79, "quantity": 0.003168, "market": "Binance", "side": "buy", "Mean": 49390.703760000004}, {"id": 2275552, "date": "2021-05-14T03:20:45.945000+00:00", "price": 49399.71, "quantity": 0.035175, "market": "Binance", "side": "buy", "Mean": 49390.703760000004}, {"id": 2275553, "date": "2021-05-14T03:20:45.945000+00:00", "price": 49399.76, "quantity": 0.199999, "market": "Binance", "side": "buy", "Mean": 49390.703760000004}, {"id": 2275554, "date": "2021-05-14T03:20:45.945000+00:00", "price": 49400.0, "quantity": 0.00164, "market": "Binance", "side": "buy", "Mean": 49390.703760000004}, {"id": 2275555, "date": "2021-05-14T03:20:45.945000+00:00", "price": 49400.71, "quantity": 0.006, "market": "Binance", "side": "buy", "Mean": 49390.703760000004}, {"id": 2275556, "date": "2021-05-14T03:20:45.945000+00:00", "price": 49400.9, "quantity": 0.030078, "market": "Binance", "side": "buy", "Mean": 49390.703760000004}, {"id": 2275547, "date": "2021-05-14T03:20:45.942000+00:00", "price": 49396.9, "quantity": 0.01977, "market": "Binance", "side": "buy", "Mean": 49390.703760000004}, {"id": 2275548, "date": "2021-05-14T03:20:45.942000+00:00", "price": 49398.98, "quantity": 0.04123, "market": "Binance", "side": "buy", "Mean": 49390.703760000004}, {"id": 2275546, "date": "2021-05-14T03:20:45.941000+00:00", "price": 49391.74, "quantity": 0.849471, "market": "Binance", "side": "buy", "Mean": 49390.703760000004}, {"id": 2275545, "date": "2021-05-14T03:20:45.940000+00:00", "price": 49391.74, "quantity": 0.062, "market": "Binance", "side": "buy", "Mean": 49390.703760000004}, {"id": 2275544, "date": "2021-05-14T03:20:45.939000+00:00", "price": 49391.74, "quantity": 0.154823, "market": "Binance", "side": "buy", "Mean": 49390.703760000004}, {"id": 2275542, "date": "2021-05-14T03:20:45.938000+00:00", "price": 49391.73, "quantity": 0.041932, "market": "Binance", "side": "buy", "Mean": 49390.703760000004}, {"id": 2275543, "date": "2021-05-14T03:20:45.938000+00:00", "price": 49391.74, "quantity": 0.135068, "market": "Binance", "side": "buy", "Mean": 49390.703760000004}, {"id": 2275541, "date": "2021-05-14T03:20:45.673000+00:00", "price": 49391.73, "quantity": 0.00468, "market": "Binance", "side": "sell", "Mean": 49390.703760000004}, {"id": 2275539, "date": "2021-05-14T03:20:45.626000+00:00", "price": 49391.73, "quantity": 0.033023, "market": "Binance", "side": "sell", "Mean": 49390.703760000004}, {"id": 2275536, "date": "2021-05-14T03:20:45.553000+00:00", "price": 49391.65, "quantity": 0.00092, "market": "Binance", "side": "buy", "Mean": 49390.703760000004}, {"id": 2275537, "date": "2021-05-14T03:20:45.553000+00:00", "price": 49391.74, "quantity": 0.000127, "market": "Binance", "side": "buy", "Mean": 49390.703760000004}, {"id": 2275534, "date": "2021-05-14T03:20:45.428000+00:00", "price": 49391.14, "quantity": 0.015146, "market": "Binance", "side": "buy", "Mean": 49390.703760000004}, {"id": 2275535, "date": "2021-05-14T03:20:45.428000+00:00", "price": 49391.15, "quantity": 0.002642, "market": "Binance", "side": "buy", "Mean": 49390.703760000004}, {"id": 2275533, "date": "2021-05-14T03:20:45.360000+00:00", "price": 49386.64, "quantity": 0.009866, "market": "Binance", "side": "sell", "Mean": 49390.703760000004}, {"id": 2275532, "date": "2021-05-14T03:20:45.316000+00:00", "price": 49386.65, "quantity": 0.002024, "market": "Binance", "side": "buy", "Mean": 49390.703760000004}, {"id": 2275531, "date": "2021-05-14T03:20:45.174000+00:00", "price": 49391.72, "quantity": 0.007212, "market": "Binance", "side": "buy", "Mean": 49390.703760000004}, {"id": 2275530, "date": "2021-05-14T03:20:45.116000+00:00", "price": 49391.73, "quantity": 0.013362, "market": "Binance", "side": "buy", "Mean": 49390.703760000004}, {"id": 2275528, "date": "2021-05-14T03:20:45.009000+00:00", "price": 49391.72, "quantity": 0.005752, "market": "Binance", "side": "sell", "Mean": 49390.703760000004}, {"id": 2275527, "date": "2021-05-14T03:20:44.993000+00:00", "price": 49391.72, "quantity": 0.007983, "market": "Binance", "side": "sell", "Mean": 49390.703760000004}, {"id": 2275526, "date": "2021-05-14T03:20:44.986000+00:00", "price": 49391.72, "quantity": 0.007954, "market": "Binance", "side": "sell", "Mean": 49390.703760000004}, {"id": 2275525, "date": "2021-05-14T03:20:44.952000+00:00", "price": 49391.72, "quantity": 0.007974, "market": "Binance", "side": "sell", "Mean": 49390.703760000004}, {"id": 2275524, "date": "2021-05-14T03:20:44.946000+00:00", "price": 49391.72, "quantity": 0.015828, "market": "Binance", "side": "sell", "Mean": 49390.703760000004}, {"id": 2275523, "date": "2021-05-14T03:20:44.943000+00:00", "price": 49391.72, "quantity": 0.015828, "market": "Binance", "side": "sell", "Mean": 49390.703760000004}, {"id": 2275518, "date": "2021-05-14T03:20:44.082000+00:00", "price": 49387.74, "quantity": 0.000504, "market": "Binance", "side": "sell", "Mean": 49390.703760000004}, {"id": 2275517, "date": "2021-05-14T03:20:43.479000+00:00", "price": 49394.71, "quantity": 0.003426, "market": "Binance", "side": "buy", "Mean": 49390.703760000004}, {"id": 2275514, "date": "2021-05-14T03:20:43.252000+00:00", "price": 49395.88, "quantity": 0.017575, "market": "Binance", "side": "buy", "Mean": 49390.703760000004}, {"id": 2275515, "date": "2021-05-14T03:20:43.252000+00:00", "price": 49396.15, "quantity": 0.182651, "market": "Binance", "side": "buy", "Mean": 49390.703760000004}, {"id": 2275513, "date": "2021-05-14T03:20:43.203000+00:00", "price": 49386.0, "quantity": 0.002051, "market": "Binance", "side": "sell", "Mean": 49390.703760000004}, {"id": 2275511, "date": "2021-05-14T03:20:43.185000+00:00", "price": 49386.06, "quantity": 0.008499, "market": "Binance", "side": "sell", "Mean": 49390.703760000004}, {"id": 2275512, "date": "2021-05-14T03:20:43.185000+00:00", "price": 49386.0, "quantity": 0.001608, "market": "Binance", "side": "sell", "Mean": 49390.703760000004}, {"id": 2275508, "date": "2021-05-14T03:20:43.179000+00:00", "price": 49396.89, "quantity": 0.00021, "market": "Binance", "side": "sell", "Mean": 49390.703760000004}, {"id": 2275509, "date": "2021-05-14T03:20:43.179000+00:00", "price": 49393.06, "quantity": 0.000404, "market": "Binance", "side": "sell", "Mean": 49390.703760000004}, {"id": 2275510, "date": "2021-05-14T03:20:43.179000+00:00", "price": 49386.06, "quantity": 0.001501, "market": "Binance", "side": "sell", "Mean": 49390.703760000004}, {"id": 2275506, "date": "2021-05-14T03:20:43.048000+00:00", "price": 49396.89, "quantity": 0.03, "market": "Binance", "side": "sell", "Mean": 49390.703760000004}, {"id": 2275491, "date": "2021-05-14T03:20:42.476000+00:00", "price": 49393.05, "quantity": 0.269641, "market": "Binance", "side": "sell", "Mean": 49390.703760000004}, {"id": 2275492, "date": "2021-05-14T03:20:42.476000+00:00", "price": 49393.04, "quantity": 0.657347, "market": "Binance", "side": "sell", "Mean": 49390.703760000004}, {"id": 2275493, "date": "2021-05-14T03:20:42.476000+00:00", "price": 49390.59, "quantity": 0.027805, "market": "Binance", "side": "sell", "Mean": 49390.703760000004}, {"id": 2275494, "date": "2021-05-14T03:20:42.476000+00:00", "price": 49390.58, "quantity": 0.033339, "market": "Binance", "side": "sell", "Mean": 49390.703760000004}, {"id": 2275495, "date": "2021-05-14T03:20:42.476000+00:00", "price": 49389.77, "quantity": 0.085253, "market": "Binance", "side": "sell", "Mean": 49390.703760000004}, {"id": 2275496, "date": "2021-05-14T03:20:42.476000+00:00", "price": 49385.26, "quantity": 0.01, "market": "Binance", "side": "sell", "Mean": 49390.703760000004}, {"id": 2275497, "date": "2021-05-14T03:20:42.476000+00:00", "price": 49383.36, "quantity": 0.049605, "market": "Binance", "side": "sell", "Mean": 49390.703760000004}, {"id": 2275498, "date": "2021-05-14T03:20:42.476000+00:00", "price": 49383.35, "quantity": 0.141728, "market": "Binance", "side": "sell", "Mean": 49390.703760000004}, {"id": 2275499, "date": "2021-05-14T03:20:42.476000+00:00", "price": 49383.0, "quantity": 0.01, "market": "Binance", "side": "sell", "Mean": 49390.703760000004}, {"id": 2275500, "date": "2021-05-14T03:20:42.476000+00:00", "price": 49381.52, "quantity": 0.137678, "market": "Binance", "side": "sell", "Mean": 49390.703760000004}, {"id": 2275501, "date": "2021-05-14T03:20:42.476000+00:00", "price": 49380.58, "quantity": 0.020351, "market": "Binance", "side": "sell", "Mean": 49390.703760000004}, {"id": 2275502, "date": "2021-05-14T03:20:42.476000+00:00", "price": 49380.0, "quantity": 0.01, "market": "Binance", "side": "sell", "Mean": 49390.703760000004}, {"id": 2275503, "date": "2021-05-14T03:20:42.476000+00:00", "price": 49378.52, "quantity": 0.209078, "market": "Binance", "side": "sell", "Mean": 49390.703760000004}, {"id": 2275504, "date": "2021-05-14T03:20:42.476000+00:00", "price": 49378.51, "quantity": 0.004, "market": "Binance", "side": "sell", "Mean": 49390.703760000004}, {"id": 2275505, "date": "2021-05-14T03:20:42.476000+00:00", "price": 49378.5, "quantity": 0.159693, "market": "Binance", "side": "sell", "Mean": 49390.703760000004}, {"id": 2275490, "date": "2021-05-14T03:20:42.383000+00:00", "price": 49393.04, "quantity": 0.032653, "market": "Binance", "side": "sell", "Mean": 49390.703760000004}, {"id": 2275488, "date": "2021-05-14T03:20:42.333000+00:00", "price": 49393.43, "quantity": 0.000404, "market": "Binance", "side": "buy", "Mean": 49390.703760000004}, {"id": 2275489, "date": "2021-05-14T03:20:42.333000+00:00", "price": 49397.02, "quantity": 0.000843, "market": "Binance", "side": "buy", "Mean": 49390.703760000004}, {"id": 2275487, "date": "2021-05-14T03:20:42.189000+00:00", "price": 49390.47, "quantity": 0.150663, "market": "Binance", "side": "sell", "Mean": 49390.703760000004}, {"id": 2275486, "date": "2021-05-14T03:20:42.130000+00:00", "price": 49390.5, "quantity": 0.000704, "market": "Binance", "side": "buy", "Mean": 49390.703760000004}, {"id": 2275484, "date": "2021-05-14T03:20:42.044000+00:00", "price": 49390.49, "quantity": 0.00468, "market": "Binance", "side": "sell", "Mean": 49390.703760000004}, {"id": 2275482, "date": "2021-05-14T03:20:41.989000+00:00", "price": 49390.5, "quantity": 0.004174, "market": "Binance", "side": "buy", "Mean": 49390.703760000004}, {"id": 2275481, "date": "2021-05-14T03:20:41.934000+00:00", "price": 49390.5, "quantity": 0.002038, "market": "Binance", "side": "buy", "Mean": 49390.703760000004}, {"id": 2275480, "date": "2021-05-14T03:20:41.890000+00:00", "price": 49390.5, "quantity": 0.02064, "market": "Binance", "side": "buy", "Mean": 49390.703760000004}, {"id": 2275479, "date": "2021-05-14T03:20:41.821000+00:00", "price": 49394.03, "quantity": 0.002548, "market": "Binance", "side": "buy", "Mean": 49390.703760000004}, {"id": 2275475, "date": "2021-05-14T03:20:41.778000+00:00", "price": 49394.02, "quantity": 0.0204, "market": "Binance", "side": "sell", "Mean": 49390.703760000004}, {"id": 2275472, "date": "2021-05-14T03:20:41.741000+00:00", "price": 49402.0, "quantity": 0.01, "market": "Binance", "side": "sell", "Mean": 49390.703760000004}, {"id": 2275469, "date": "2021-05-14T03:20:41.555000+00:00", "price": 49402.01, "quantity": 0.01486, "market": "Binance", "side": "sell", "Mean": 49390.703760000004}, {"id": 2275467, "date": "2021-05-14T03:20:41.540000+00:00", "price": 49403.75, "quantity": 1e-06, "market": "Binance", "side": "sell", "Mean": 49390.703760000004}, {"id": 2275468, "date": "2021-05-14T03:20:41.540000+00:00", "price": 49402.01, "quantity": 0.002427, "market": "Binance", "side": "sell", "Mean": 49390.703760000004}, {"id": 2275463, "date": "2021-05-14T03:20:41.380000+00:00", "price": 49403.76, "quantity": 0.024848, "market": "Binance", "side": "buy", "Mean": 49390.703760000004}, {"id": 2275462, "date": "2021-05-14T03:20:41.349000+00:00", "price": 49403.75, "quantity": 0.01705, "market": "Binance", "side": "sell", "Mean": 49390.703760000004}, {"id": 2275460, "date": "2021-05-14T03:20:41.328000+00:00", "price": 49404.41, "quantity": 0.07, "market": "Binance", "side": "sell", "Mean": 49390.703760000004}, {"id": 2275461, "date": "2021-05-14T03:20:41.328000+00:00", "price": 49404.42, "quantity": 0.024848, "market": "Binance", "side": "buy", "Mean": 49390.703760000004}, {"id": 2275459, "date": "2021-05-14T03:20:41.292000+00:00", "price": 49404.42, "quantity": 0.017603, "market": "Binance", "side": "buy", "Mean": 49390.703760000004}, {"id": 2275458, "date": "2021-05-14T03:20:41.222000+00:00", "price": 49404.42, "quantity": 0.005469, "market": "Binance", "side": "buy", "Mean": 49390.703760000004}, {"id": 2275456, "date": "2021-05-14T03:20:41.003000+00:00", "price": 49409.41, "quantity": 0.039316, "market": "Binance", "side": "buy", "Mean": 49390.703760000004}, {"id": 2275455, "date": "2021-05-14T03:20:40.958000+00:00", "price": 49411.57, "quantity": 0.001048, "market": "Binance", "side": "sell", "Mean": 49390.703760000004}, {"id": 2275454, "date": "2021-05-14T03:20:40.946000+00:00", "price": 49411.58, "quantity": 0.021105, "market": "Binance", "side": "buy", "Mean": 49390.703760000004}, {"id": 2275453, "date": "2021-05-14T03:20:40.937000+00:00", "price": 49411.58, "quantity": 0.003713, "market": "Binance", "side": "buy", "Mean": 49390.703760000004}, {"id": 2275450, "date": "2021-05-14T03:20:40.738000+00:00", "price": 49414.35, "quantity": 0.19198, "market": "Binance", "side": "sell", "Mean": 49390.703760000004}, {"id": 2275448, "date": "2021-05-14T03:20:40.706000+00:00", "price": 49414.35, "quantity": 0.009739, "market": "Binance", "side": "sell", "Mean": 49390.703760000004}, {"id": 2275447, "date": "2021-05-14T03:20:40.591000+00:00", "price": 49414.36, "quantity": 0.00039, "market": "Binance", "side": "buy", "Mean": 49390.703760000004}, {"id": 2275446, "date": "2021-05-14T03:20:40.449000+00:00", "price": 49414.35, "quantity": 0.001578, "market": "Binance", "side": "sell", "Mean": 49390.703760000004}, {"id": 2275445, "date": "2021-05-14T03:20:40.361000+00:00", "price": 49414.36, "quantity": 0.000202, "market": "Binance", "side": "buy", "Mean": 49390.703760000004}, {"id": 2275441, "date": "2021-05-14T03:20:40.233000+00:00", "price": 49409.72, "quantity": 0.087556, "market": "Binance", "side": "buy", "Mean": 49390.703760000004}, {"id": 2275442, "date": "2021-05-14T03:20:40.233000+00:00", "price": 49409.9, "quantity": 0.113186, "market": "Binance", "side": "buy", "Mean": 49390.703760000004}, {"id": 2275439, "date": "2021-05-14T03:20:40.217000+00:00", "price": 49409.89, "quantity": 0.000808, "market": "Binance", "side": "sell", "Mean": 49390.703760000004}, {"id": 2275440, "date": "2021-05-14T03:20:40.217000+00:00", "price": 49409.71, "quantity": 0.017498, "market": "Binance", "side": "sell", "Mean": 49390.703760000004}, {"id": 2275438, "date": "2021-05-14T03:20:40.215000+00:00", "price": 49414.59, "quantity": 0.01422, "market": "Binance", "side": "sell", "Mean": 49390.703760000004}, {"id": 2275436, "date": "2021-05-14T03:20:40.214000+00:00", "price": 49414.59, "quantity": 0.018306, "market": "Binance", "side": "sell", "Mean": 49390.703760000004}, {"id": 2275437, "date": "2021-05-14T03:20:40.214000+00:00", "price": 49414.59, "quantity": 0.018306, "market": "Binance", "side": "sell", "Mean": 49390.703760000004}, {"id": 2275434, "date": "2021-05-14T03:20:40.213000+00:00", "price": 49414.59, "quantity": 0.012589, "market": "Binance", "side": "sell", "Mean": 49390.703760000004}, {"id": 2275433, "date": "2021-05-14T03:20:40.211000+00:00", "price": 49414.59, "quantity": 0.014207, "market": "Binance", "side": "sell", "Mean": 49390.703760000004}, {"id": 2275429, "date": "2021-05-14T03:20:40.210000+00:00", "price": 49414.59, "quantity": 0.012566, "market": "Binance", "side": "sell", "Mean": 49390.703760000004}, {"id": 2275430, "date": "2021-05-14T03:20:40.210000+00:00", "price": 49414.59, "quantity": 0.018268, "market": "Binance", "side": "sell", "Mean": 49390.703760000004}, {"id": 2275431, "date": "2021-05-14T03:20:40.210000+00:00", "price": 49414.59, "quantity": 0.018306, "market": "Binance", "side": "sell", "Mean": 49390.703760000004}, {"id": 2275432, "date": "2021-05-14T03:20:40.210000+00:00", "price": 49414.59, "quantity": 0.012575, "market": "Binance", "side": "sell", "Mean": 49390.703760000004}, {"id": 2275426, "date": "2021-05-14T03:20:40.027000+00:00", "price": 49414.59, "quantity": 0.002023, "market": "Binance", "side": "sell", "Mean": 49390.703760000004}, {"id": 2275425, "date": "2021-05-14T03:20:40.003000+00:00", "price": 49414.59, "quantity": 0.002004, "market": "Binance", "side": "sell", "Mean": 49390.703760000004}, {"id": 2275424, "date": "2021-05-14T03:20:40+00:00", "price": 49414.59, "quantity": 0.007994, "market": "Binance", "side": "sell", "Mean": 49390.703760000004}, {"id": 2275423, "date": "2021-05-14T03:20:39.979000+00:00", "price": 49414.59, "quantity": 0.007994, "market": "Binance", "side": "sell", "Mean": 49390.703760000004}, {"id": 2275422, "date": "2021-05-14T03:20:39.973000+00:00", "price": 49414.59, "quantity": 0.007994, "market": "Binance", "side": "sell", "Mean": 49390.703760000004}, {"id": 2275420, "date": "2021-05-14T03:20:39.935000+00:00", "price": 49412.37, "quantity": 0.072104, "market": "Binance", "side": "buy", "Mean": 49390.703760000004}, {"id": 2275419, "date": "2021-05-14T03:20:39.932000+00:00", "price": 49412.37, "quantity": 0.020511, "market": "Binance", "side": "buy", "Mean": 49390.703760000004}, {"id": 2275418, "date": "2021-05-14T03:20:39.925000+00:00", "price": 49412.37, "quantity": 0.039182, "market": "Binance", "side": "buy", "Mean": 49390.703760000004}, {"id": 2275415, "date": "2021-05-14T03:20:39.899000+00:00", "price": 49412.36, "quantity": 0.000844, "market": "Binance", "side": "sell", "Mean": 49390.703760000004}, {"id": 2275414, "date": "2021-05-14T03:20:39.895000+00:00", "price": 49412.36, "quantity": 0.00656, "market": "Binance", "side": "sell", "Mean": 49390.703760000004}, {"id": 2275412, "date": "2021-05-14T03:20:39.890000+00:00", "price": 49412.36, "quantity": 0.007982, "market": "Binance", "side": "sell", "Mean": 49390.703760000004}, {"id": 2275411, "date": "2021-05-14T03:20:39.888000+00:00", "price": 49412.36, "quantity": 0.0096, "market": "Binance", "side": "sell", "Mean": 49390.703760000004}, {"id": 2275410, "date": "2021-05-14T03:20:39.886000+00:00", "price": 49412.36, "quantity": 0.00796, "market": "Binance", "side": "sell", "Mean": 49390.703760000004}, {"id": 2275409, "date": "2021-05-14T03:20:39.882000+00:00", "price": 49412.36, "quantity": 0.007977, "market": "Binance", "side": "sell", "Mean": 49390.703760000004}, {"id": 2275408, "date": "2021-05-14T03:20:39.873000+00:00", "price": 49414.62, "quantity": 0.017655, "market": "Binance", "side": "buy", "Mean": 49390.703760000004}, {"id": 2275407, "date": "2021-05-14T03:20:39.867000+00:00", "price": 49412.36, "quantity": 0.021164, "market": "Binance", "side": "sell", "Mean": 49390.703760000004}, {"id": 2275405, "date": "2021-05-14T03:20:39.852000+00:00", "price": 49409.88, "quantity": 0.000488, "market": "Binance", "side": "sell", "Mean": 49390.703760000004}, {"id": 2275403, "date": "2021-05-14T03:20:39.851000+00:00", "price": 49409.89, "quantity": 0.000834, "market": "Binance", "side": "buy", "Mean": 49390.703760000004}, {"id": 2275404, "date": "2021-05-14T03:20:39.851000+00:00", "price": 49414.64, "quantity": 1.382635, "market": "Binance", "side": "buy", "Mean": 49390.703760000004}, {"id": 2275382, "date": "2021-05-14T03:20:39.151000+00:00", "price": 49409.89, "quantity": 0.000919, "market": "Binance", "side": "buy", "Mean": 49390.703760000004}, {"id": 2275381, "date": "2021-05-14T03:20:39.139000+00:00", "price": 49409.89, "quantity": 0.00213, "market": "Binance", "side": "buy", "Mean": 49390.703760000004}, {"id": 2275376, "date": "2021-05-14T03:20:38.762000+00:00", "price": 49410.34, "quantity": 0.002219, "market": "Binance", "side": "sell", "Mean": 49390.703760000004}, {"id": 2275374, "date": "2021-05-14T03:20:38.738000+00:00", "price": 49410.35, "quantity": 0.017, "market": "Binance", "side": "buy", "Mean": 49390.703760000004}, {"id": 2275373, "date": "2021-05-14T03:20:38.525000+00:00", "price": 49410.35, "quantity": 0.000814, "market": "Binance", "side": "buy", "Mean": 49390.703760000004}, {"id": 2275371, "date": "2021-05-14T03:20:38.432000+00:00", "price": 49410.35, "quantity": 0.039638, "market": "Binance", "side": "buy", "Mean": 49390.703760000004}, {"id": 2275366, "date": "2021-05-14T03:20:37.931000+00:00", "price": 49410.35, "quantity": 0.1503, "market": "Binance", "side": "buy", "Mean": 49390.703760000004}, {"id": 2275365, "date": "2021-05-14T03:20:37.875000+00:00", "price": 49414.75, "quantity": 0.003607, "market": "Binance", "side": "sell", "Mean": 49390.703760000004}, {"id": 2275364, "date": "2021-05-14T03:20:37.825000+00:00", "price": 49414.76, "quantity": 0.009994, "market": "Binance", "side": "buy", "Mean": 49390.703760000004}, {"id": 2275362, "date": "2021-05-14T03:20:37.733000+00:00", "price": 49413.57, "quantity": 0.004535, "market": "Binance", "side": "buy", "Mean": 49390.703760000004}, {"id": 2275360, "date": "2021-05-14T03:20:37.700000+00:00", "price": 49413.57, "quantity": 0.00326, "market": "Binance", "side": "buy", "Mean": 49390.703760000004}, {"id": 2275359, "date": "2021-05-14T03:20:37.684000+00:00", "price": 49413.56, "quantity": 0.017088, "market": "Binance", "side": "sell", "Mean": 49390.703760000004}, {"id": 2275356, "date": "2021-05-14T03:20:37.630000+00:00", "price": 49412.01, "quantity": 4.1e-05, "market": "Binance", "side": "buy", "Mean": 49390.703760000004}, {"id": 2275357, "date": "2021-05-14T03:20:37.630000+00:00", "price": 49413.13, "quantity": 0.010625, "market": "Binance", "side": "buy", "Mean": 49390.703760000004}, {"id": 2275355, "date": "2021-05-14T03:20:37.624000+00:00", "price": 49412.01, "quantity": 0.181974, "market": "Binance", "side": "buy", "Mean": 49390.703760000004}, {"id": 2275353, "date": "2021-05-14T03:20:37.587000+00:00", "price": 49412.0, "quantity": 0.023408, "market": "Binance", "side": "sell", "Mean": 49390.703760000004}, {"id": 2275351, "date": "2021-05-14T03:20:37.246000+00:00", "price": 49404.79, "quantity": 0.006962, "market": "Binance", "side": "buy", "Mean": 49390.703760000004}, {"id": 2275348, "date": "2021-05-14T03:20:37.221000+00:00", "price": 49404.67, "quantity": 0.019402, "market": "Binance", "side": "buy", "Mean": 49390.703760000004}, {"id": 2275349, "date": "2021-05-14T03:20:37.221000+00:00", "price": 49405.17, "quantity": 0.077189, "market": "Binance", "side": "buy", "Mean": 49390.703760000004}, {"id": 2275350, "date": "2021-05-14T03:20:37.221000+00:00", "price": 49405.18, "quantity": 0.10385, "market": "Binance", "side": "buy", "Mean": 49390.703760000004}, {"id": 2275343, "date": "2021-05-14T03:20:37.196000+00:00", "price": 49398.78, "quantity": 0.001212, "market": "Binance", "side": "buy", "Mean": 49390.703760000004}, {"id": 2275344, "date": "2021-05-14T03:20:37.196000+00:00", "price": 49401.09, "quantity": 0.042127, "market": "Binance", "side": "buy", "Mean": 49390.703760000004}, {"id": 2275345, "date": "2021-05-14T03:20:37.196000+00:00", "price": 49402.0, "quantity": 0.01, "market": "Binance", "side": "buy", "Mean": 49390.703760000004}, {"id": 2275346, "date": "2021-05-14T03:20:37.196000+00:00", "price": 49403.1, "quantity": 0.004, "market": "Binance", "side": "buy", "Mean": 49390.703760000004}, {"id": 2275347, "date": "2021-05-14T03:20:37.196000+00:00", "price": 49405.18, "quantity": 0.111777, "market": "Binance", "side": "buy", "Mean": 49390.703760000004}, {"id": 2275342, "date": "2021-05-14T03:20:37.023000+00:00", "price": 49398.79, "quantity": 0.000303, "market": "Binance", "side": "buy", "Mean": 49390.703760000004}, {"id": 2275336, "date": "2021-05-14T03:20:37.006000+00:00", "price": 49398.78, "quantity": 1.01019, "market": "Binance", "side": "sell", "Mean": 49390.703760000004}, {"id": 2275337, "date": "2021-05-14T03:20:37.006000+00:00", "price": 49395.61, "quantity": 0.009709, "market": "Binance", "side": "sell", "Mean": 49390.703760000004}, {"id": 2275338, "date": "2021-05-14T03:20:37.006000+00:00", "price": 49395.6, "quantity": 0.015344, "market": "Binance", "side": "sell", "Mean": 49390.703760000004}, {"id": 2275339, "date": "2021-05-14T03:20:37.006000+00:00", "price": 49394.41, "quantity": 0.006034, "market": "Binance", "side": "sell", "Mean": 49390.703760000004}, {"id": 2275340, "date": "2021-05-14T03:20:37.006000+00:00", "price": 49390.49, "quantity": 0.452397, "market": "Binance", "side": "sell", "Mean": 49390.703760000004}, {"id": 2275341, "date": "2021-05-14T03:20:37.006000+00:00", "price": 49390.48, "quantity": 0.010962, "market": "Binance", "side": "sell", "Mean": 49390.703760000004}, {"id": 2275333, "date": "2021-05-14T03:20:36.805000+00:00", "price": 49394.41, "quantity": 0.006671, "market": "Binance", "side": "buy", "Mean": 49390.703760000004}, {"id": 2275330, "date": "2021-05-14T03:20:36.755000+00:00", "price": 49394.41, "quantity": 0.028638, "market": "Binance", "side": "buy", "Mean": 49390.703760000004}, {"id": 2275329, "date": "2021-05-14T03:20:36.748000+00:00", "price": 49394.4, "quantity": 0.06, "market": "Binance", "side": "sell", "Mean": 49390.703760000004}, {"id": 2275328, "date": "2021-05-14T03:20:36.677000+00:00", "price": 49394.41, "quantity": 0.042189, "market": "Binance", "side": "buy", "Mean": 49390.703760000004}, {"id": 2275325, "date": "2021-05-14T03:20:36.477000+00:00", "price": 49394.41, "quantity": 0.000359, "market": "Binance", "side": "buy", "Mean": 49390.703760000004}, {"id": 2275324, "date": "2021-05-14T03:20:36.422000+00:00", "price": 49390.48, "quantity": 0.009874, "market": "Binance", "side": "buy", "Mean": 49390.703760000004}, {"id": 2275321, "date": "2021-05-14T03:20:36.206000+00:00", "price": 49390.47, "quantity": 0.002613, "market": "Binance", "side": "sell", "Mean": 49390.703760000004}, {"id": 2275320, "date": "2021-05-14T03:20:36.192000+00:00", "price": 49390.48, "quantity": 0.002012, "market": "Binance", "side": "buy", "Mean": 49390.703760000004}, {"id": 2275318, "date": "2021-05-14T03:20:36.146000+00:00", "price": 49390.47, "quantity": 0.00127, "market": "Binance", "side": "sell", "Mean": 49390.703760000004}, {"id": 2275317, "date": "2021-05-14T03:20:36.144000+00:00", "price": 49390.47, "quantity": 0.000318, "market": "Binance", "side": "sell", "Mean": 49390.703760000004}, {"id": 2275316, "date": "2021-05-14T03:20:36.129000+00:00", "price": 49390.48, "quantity": 0.000399, "market": "Binance", "side": "buy", "Mean": 49390.703760000004}, {"id": 2275312, "date": "2021-05-14T03:20:36.094000+00:00", "price": 49390.47, "quantity": 0.001981, "market": "Binance", "side": "sell", "Mean": 49390.703760000004}, {"id": 2275311, "date": "2021-05-14T03:20:36.088000+00:00", "price": 49390.48, "quantity": 0.00164, "market": "Binance", "side": "buy", "Mean": 49390.703760000004}, {"id": 2275307, "date": "2021-05-14T03:20:36.073000+00:00", "price": 49390.47, "quantity": 0.001963, "market": "Binance", "side": "sell", "Mean": 49390.703760000004}, {"id": 2275298, "date": "2021-05-14T03:20:35.867000+00:00", "price": 49390.48, "quantity": 0.01253, "market": "Binance", "side": "buy", "Mean": 49390.703760000004}, {"id": 2275297, "date": "2021-05-14T03:20:35.852000+00:00", "price": 49390.47, "quantity": 0.002026, "market": "Binance", "side": "sell", "Mean": 49390.703760000004}, {"id": 2275296, "date": "2021-05-14T03:20:35.822000+00:00", "price": 49390.47, "quantity": 0.11, "market": "Binance", "side": "sell", "Mean": 49390.703760000004}, {"id": 2275295, "date": "2021-05-14T03:20:35.818000+00:00", "price": 49390.48, "quantity": 0.123838, "market": "Binance", "side": "buy", "Mean": 49390.703760000004}, {"id": 2275294, "date": "2021-05-14T03:20:35.786000+00:00", "price": 49390.48, "quantity": 0.000781, "market": "Binance", "side": "buy", "Mean": 49390.703760000004}, {"id": 2275291, "date": "2021-05-14T03:20:35.762000+00:00", "price": 49390.48, "quantity": 0.001979, "market": "Binance", "side": "buy", "Mean": 49390.703760000004}, {"id": 2275288, "date": "2021-05-14T03:20:35.735000+00:00", "price": 49390.48, "quantity": 0.000319, "market": "Binance", "side": "buy", "Mean": 49390.703760000004}, {"id": 2275286, "date": "2021-05-14T03:20:35.685000+00:00", "price": 49390.48, "quantity": 0.006531, "market": "Binance", "side": "buy", "Mean": 49390.703760000004}, {"id": 2275283, "date": "2021-05-14T03:20:35.668000+00:00", "price": 49390.48, "quantity": 0.000404, "market": "Binance", "side": "sell", "Mean": 49390.703760000004}, {"id": 2275284, "date": "2021-05-14T03:20:35.668000+00:00", "price": 49390.47, "quantity": 0.001076, "market": "Binance", "side": "sell", "Mean": 49390.703760000004}, {"id": 2275282, "date": "2021-05-14T03:20:35.652000+00:00", "price": 49396.67, "quantity": 0.000229, "market": "Binance", "side": "buy", "Mean": 49390.703760000004}, {"id": 2275277, "date": "2021-05-14T03:20:35.579000+00:00", "price": 49390.47, "quantity": 0.001958, "market": "Binance", "side": "sell", "Mean": 49390.703760000004}, {"id": 2275240, "date": "2021-05-14T03:20:35.511000+00:00", "price": 49402.23, "quantity": 0.013786, "market": "Binance", "side": "sell", "Mean": 49390.703760000004}, {"id": 2275241, "date": "2021-05-14T03:20:35.511000+00:00", "price": 49400.62, "quantity": 0.002709, "market": "Binance", "side": "sell", "Mean": 49390.703760000004}, {"id": 2275242, "date": "2021-05-14T03:20:35.511000+00:00", "price": 49397.45, "quantity": 0.032944, "market": "Binance", "side": "sell", "Mean": 49390.703760000004}, {"id": 2275243, "date": "2021-05-14T03:20:35.511000+00:00", "price": 49394.8, "quantity": 0.102675, "market": "Binance", "side": "sell", "Mean": 49390.703760000004}, {"id": 2275244, "date": "2021-05-14T03:20:35.511000+00:00", "price": 49394.79, "quantity": 0.100095, "market": "Binance", "side": "sell", "Mean": 49390.703760000004}, {"id": 2275246, "date": "2021-05-14T03:20:35.511000+00:00", "price": 49394.78, "quantity": 0.004, "market": "Binance", "side": "sell", "Mean": 49390.703760000004}, {"id": 2275247, "date": "2021-05-14T03:20:35.511000+00:00", "price": 49389.75, "quantity": 0.098, "market": "Binance", "side": "sell", "Mean": 49390.703760000004}, {"id": 2275248, "date": "2021-05-14T03:20:35.511000+00:00", "price": 49389.74, "quantity": 0.08, "market": "Binance", "side": "sell", "Mean": 49390.703760000004}, {"id": 2275249, "date": "2021-05-14T03:20:35.511000+00:00", "price": 49389.68, "quantity": 0.199999, "market": "Binance", "side": "sell", "Mean": 49390.703760000004}, {"id": 2275250, "date": "2021-05-14T03:20:35.511000+00:00", "price": 49387.92, "quantity": 0.124141, "market": "Binance", "side": "sell", "Mean": 49390.703760000004}, {"id": 2275251, "date": "2021-05-14T03:20:35.511000+00:00", "price": 49387.91, "quantity": 0.013, "market": "Binance", "side": "sell", "Mean": 49390.703760000004}, {"id": 2275252, "date": "2021-05-14T03:20:35.511000+00:00", "price": 49387.19, "quantity": 0.2, "market": "Binance", "side": "sell", "Mean": 49390.703760000004}, {"id": 2275253, "date": "2021-05-14T03:20:35.511000+00:00", "price": 49384.95, "quantity": 0.08, "market": "Binance", "side": "sell", "Mean": 49390.703760000004}, {"id": 2275254, "date": "2021-05-14T03:20:35.511000+00:00", "price": 49384.89, "quantity": 0.182024, "market": "Binance", "side": "sell", "Mean": 49390.703760000004}, {"id": 2275256, "date": "2021-05-14T03:20:35.511000+00:00", "price": 49384.71, "quantity": 0.023, "market": "Binance", "side": "sell", "Mean": 49390.703760000004}, {"id": 2275257, "date": "2021-05-14T03:20:35.511000+00:00", "price": 49384.29, "quantity": 0.410908, "market": "Binance", "side": "sell", "Mean": 49390.703760000004}, {"id": 2275258, "date": "2021-05-14T03:20:35.511000+00:00", "price": 49384.28, "quantity": 0.497, "market": "Binance", "side": "sell", "Mean": 49390.703760000004}, {"id": 2275259, "date": "2021-05-14T03:20:35.511000+00:00", "price": 49382.66, "quantity": 0.008809, "market": "Binance", "side": "sell", "Mean": 49390.703760000004}, {"id": 2275260, "date": "2021-05-14T03:20:35.511000+00:00", "price": 49381.8, "quantity": 0.010121, "market": "Binance", "side": "sell", "Mean": 49390.703760000004}, {"id": 2275261, "date": "2021-05-14T03:20:35.511000+00:00", "price": 49381.59, "quantity": 0.055131, "market": "Binance", "side": "sell", "Mean": 49390.703760000004}, {"id": 2275262, "date": "2021-05-14T03:20:35.511000+00:00", "price": 49380.59, "quantity": 0.01, "market": "Binance", "side": "sell", "Mean": 49390.703760000004}, {"id": 2275263, "date": "2021-05-14T03:20:35.511000+00:00", "price": 49380.08, "quantity": 0.05, "market": "Binance", "side": "sell", "Mean": 49390.703760000004}, {"id": 2275264, "date": "2021-05-14T03:20:35.511000+00:00", "price": 49379.03, "quantity": 0.040442, "market": "Binance", "side": "sell", "Mean": 49390.703760000004}, {"id": 2275265, "date": "2021-05-14T03:20:35.511000+00:00", "price": 49377.56, "quantity": 0.02, "market": "Binance", "side": "sell", "Mean": 49390.703760000004}, {"id": 2275266, "date": "2021-05-14T03:20:35.511000+00:00", "price": 49377.07, "quantity": 0.02, "market": "Binance", "side": "sell", "Mean": 49390.703760000004}, {"id": 2275267, "date": "2021-05-14T03:20:35.511000+00:00", "price": 49375.83, "quantity": 0.108, "market": "Binance", "side": "sell", "Mean": 49390.703760000004}, {"id": 2275268, "date": "2021-05-14T03:20:35.511000+00:00", "price": 49375.22, "quantity": 0.006076, "market": "Binance", "side": "sell", "Mean": 49390.703760000004}, {"id": 2275269, "date": "2021-05-14T03:20:35.511000+00:00", "price": 49373.36, "quantity": 0.18198, "market": "Binance", "side": "sell", "Mean": 49390.703760000004}, {"id": 2275270, "date": "2021-05-14T03:20:35.511000+00:00", "price": 49373.22, "quantity": 0.040486, "market": "Binance", "side": "sell", "Mean": 49390.703760000004}, {"id": 2275271, "date": "2021-05-14T03:20:35.511000+00:00", "price": 49370.89, "quantity": 0.366116, "market": "Binance", "side": "sell", "Mean": 49390.703760000004}, {"id": 2275272, "date": "2021-05-14T03:20:35.511000+00:00", "price": 49370.88, "quantity": 0.25, "market": "Binance", "side": "sell", "Mean": 49390.703760000004}, {"id": 2275273, "date": "2021-05-14T03:20:35.511000+00:00", "price": 49370.51, "quantity": 0.163744, "market": "Binance", "side": "sell", "Mean": 49390.703760000004}, {"id": 2275239, "date": "2021-05-14T03:20:35.436000+00:00", "price": 49402.23, "quantity": 0.005917, "market": "Binance", "side": "sell", "Mean": 49390.703760000004}, {"id": 2275238, "date": "2021-05-14T03:20:35.404000+00:00", "price": 49403.72, "quantity": 0.18195, "market": "Binance", "side": "sell", "Mean": 49390.703760000004}, {"id": 2275236, "date": "2021-05-14T03:20:35.403000+00:00", "price": 49403.73, "quantity": 0.000399, "market": "Binance", "side": "buy", "Mean": 49390.703760000004}, {"id": 2275235, "date": "2021-05-14T03:20:35.399000+00:00", "price": 49403.73, "quantity": 0.016069, "market": "Binance", "side": "buy", "Mean": 49390.703760000004}, {"id": 2275233, "date": "2021-05-14T03:20:35.362000+00:00", "price": 49405.19, "quantity": 2e-06, "market": "Binance", "side": "sell", "Mean": 49390.703760000004}, {"id": 2275234, "date": "2021-05-14T03:20:35.362000+00:00", "price": 49403.73, "quantity": 0.111162, "market": "Binance", "side": "sell", "Mean": 49390.703760000004}, {"id": 2275232, "date": "2021-05-14T03:20:35.343000+00:00", "price": 49405.2, "quantity": 0.005663, "market": "Binance", "side": "buy", "Mean": 49390.703760000004}, {"id": 2275231, "date": "2021-05-14T03:20:35.326000+00:00", "price": 49405.19, "quantity": 0.17999, "market": "Binance", "side": "sell", "Mean": 49390.703760000004}, {"id": 2275230, "date": "2021-05-14T03:20:35.324000+00:00", "price": 49405.2, "quantity": 0.023921, "market": "Binance", "side": "buy", "Mean": 49390.703760000004}, {"id": 2275229, "date": "2021-05-14T03:20:35.281000+00:00", "price": 49405.19, "quantity": 0.001957, "market": "Binance", "side": "sell", "Mean": 49390.703760000004}, {"id": 2275224, "date": "2021-05-14T03:20:35.251000+00:00", "price": 49413.73, "quantity": 7e-06, "market": "Binance", "side": "sell", "Mean": 49390.703760000004}, {"id": 2275218, "date": "2021-05-14T03:20:35.097000+00:00", "price": 49413.74, "quantity": 4e-06, "market": "Binance", "side": "sell", "Mean": 49390.703760000004}, {"id": 2275217, "date": "2021-05-14T03:20:35.040000+00:00", "price": 49413.74, "quantity": 0.0004, "market": "Binance", "side": "sell", "Mean": 49390.703760000004}, {"id": 2275215, "date": "2021-05-14T03:20:34.991000+00:00", "price": 49416.92, "quantity": 4e-06, "market": "Binance", "side": "sell", "Mean": 49390.703760000004}, {"id": 2275216, "date": "2021-05-14T03:20:34.991000+00:00", "price": 49413.73, "quantity": 0.016196, "market": "Binance", "side": "sell", "Mean": 49390.703760000004}, {"id": 2275214, "date": "2021-05-14T03:20:34.968000+00:00", "price": 49416.92, "quantity": 0.0004, "market": "Binance", "side": "sell", "Mean": 49390.703760000004}, {"id": 2275213, "date": "2021-05-14T03:20:34.962000+00:00", "price": 49419.98, "quantity": 7e-06, "market": "Binance", "side": "sell", "Mean": 49390.703760000004}, {"id": 2275212, "date": "2021-05-14T03:20:34.904000+00:00", "price": 49419.98, "quantity": 0.04472, "market": "Binance", "side": "sell", "Mean": 49390.703760000004}, {"id": 2275211, "date": "2021-05-14T03:20:34.681000+00:00", "price": 49419.98, "quantity": 0.010096, "market": "Binance", "side": "sell", "Mean": 49390.703760000004}, {"id": 2275210, "date": "2021-05-14T03:20:34.673000+00:00", "price": 49419.98, "quantity": 0.006548, "market": "Binance", "side": "sell", "Mean": 49390.703760000004}, {"id": 2275209, "date": "2021-05-14T03:20:34.612000+00:00", "price": 49419.98, "quantity": 0.006861, "market": "Binance", "side": "sell", "Mean": 49390.703760000004}, {"id": 2275208, "date": "2021-05-14T03:20:34.393000+00:00", "price": 49419.98, "quantity": 0.016069, "market": "Binance", "side": "sell", "Mean": 49390.703760000004}, {"id": 2275207, "date": "2021-05-14T03:20:34.280000+00:00", "price": 49419.99, "quantity": 0.200025, "market": "Binance", "side": "buy", "Mean": 49390.703760000004}, {"id": 2275205, "date": "2021-05-14T03:20:34.134000+00:00", "price": 49419.99, "quantity": 0.020574, "market": "Binance", "side": "buy", "Mean": 49390.703760000004}, {"id": 2275204, "date": "2021-05-14T03:20:33.808000+00:00", "price": 49419.99, "quantity": 0.000377, "market": "Binance", "side": "buy", "Mean": 49390.703760000004}, {"id": 2275203, "date": "2021-05-14T03:20:33.776000+00:00", "price": 49419.98, "quantity": 0.000991, "market": "Binance", "side": "sell", "Mean": 49390.703760000004}, {"id": 2275202, "date": "2021-05-14T03:20:33.675000+00:00", "price": 49419.99, "quantity": 0.008204, "market": "Binance", "side": "buy", "Mean": 49390.703760000004}, {"id": 2275200, "date": "2021-05-14T03:20:33.570000+00:00", "price": 49419.98, "quantity": 0.007053, "market": "Binance", "side": "sell", "Mean": 49390.703760000004}, {"id": 2275199, "date": "2021-05-14T03:20:33.510000+00:00", "price": 49419.99, "quantity": 0.003152, "market": "Binance", "side": "buy", "Mean": 49390.703760000004}, {"id": 2275197, "date": "2021-05-14T03:20:33.082000+00:00", "price": 49419.98, "quantity": 0.001222, "market": "Binance", "side": "sell", "Mean": 49390.703760000004}, {"id": 2275198, "date": "2021-05-14T03:20:33.082000+00:00", "price": 49419.98, "quantity": 0.010088, "market": "Binance", "side": "sell", "Mean": 49390.703760000004}, {"id": 2275196, "date": "2021-05-14T03:20:32.881000+00:00", "price": 49419.99, "quantity": 0.031848, "market": "Binance", "side": "buy", "Mean": 49390.703760000004}, {"id": 2275195, "date": "2021-05-14T03:20:32.871000+00:00", "price": 49419.99, "quantity": 0.009546, "market": "Binance", "side": "buy", "Mean": 49390.703760000004}, {"id": 2275194, "date": "2021-05-14T03:20:32.819000+00:00", "price": 49419.98, "quantity": 0.004872, "market": "Binance", "side": "sell", "Mean": 49390.703760000004}, {"id": 2275193, "date": "2021-05-14T03:20:32.649000+00:00", "price": 49419.99, "quantity": 0.083911, "market": "Binance", "side": "buy", "Mean": 49390.703760000004}, {"id": 2275191, "date": "2021-05-14T03:20:32.394000+00:00", "price": 49419.98, "quantity": 0.11338, "market": "Binance", "side": "sell", "Mean": 49390.703760000004}, {"id": 2275189, "date": "2021-05-14T03:20:32.376000+00:00", "price": 49419.98, "quantity": 0.002802, "market": "Binance", "side": "sell", "Mean": 49390.703760000004}, {"id": 2275188, "date": "2021-05-14T03:20:32.360000+00:00", "price": 49419.99, "quantity": 0.001241, "market": "Binance", "side": "buy", "Mean": 49390.703760000004}, {"id": 2275187, "date": "2021-05-14T03:20:32.331000+00:00", "price": 49419.98, "quantity": 0.004047, "market": "Binance", "side": "sell", "Mean": 49390.703760000004}, {"id": 2275186, "date": "2021-05-14T03:20:32.285000+00:00", "price": 49419.98, "quantity": 0.001086, "market": "Binance", "side": "sell", "Mean": 49390.703760000004}, {"id": 2275184, "date": "2021-05-14T03:20:32.224000+00:00", "price": 49419.98, "quantity": 0.005584, "market": "Binance", "side": "sell", "Mean": 49390.703760000004}, {"id": 2275183, "date": "2021-05-14T03:20:32.213000+00:00", "price": 49419.98, "quantity": 0.009474, "market": "Binance", "side": "sell", "Mean": 49390.703760000004}, {"id": 2275179, "date": "2021-05-14T03:20:32.042000+00:00", "price": 49419.98, "quantity": 0.011115, "market": "Binance", "side": "sell", "Mean": 49390.703760000004}, {"id": 2275178, "date": "2021-05-14T03:20:32.029000+00:00", "price": 49419.98, "quantity": 0.215874, "market": "Binance", "side": "sell", "Mean": 49390.703760000004}, {"id": 2275176, "date": "2021-05-14T03:20:31.781000+00:00", "price": 49419.98, "quantity": 0.00468, "market": "Binance", "side": "sell", "Mean": 49390.703760000004}, {"id": 2275173, "date": "2021-05-14T03:20:31.752000+00:00", "price": 49419.98, "quantity": 0.034106, "market": "Binance", "side": "sell", "Mean": 49390.703760000004}, {"id": 2275172, "date": "2021-05-14T03:20:31.625000+00:00", "price": 49419.98, "quantity": 0.060075, "market": "Binance", "side": "sell", "Mean": 49390.703760000004}, {"id": 2275171, "date": "2021-05-14T03:20:31.583000+00:00", "price": 49419.98, "quantity": 0.015189, "market": "Binance", "side": "sell", "Mean": 49390.703760000004}, {"id": 2275170, "date": "2021-05-14T03:20:31.541000+00:00", "price": 49419.99, "quantity": 0.004036, "market": "Binance", "side": "buy", "Mean": 49390.703760000004}, {"id": 2275169, "date": "2021-05-14T03:20:31.512000+00:00", "price": 49419.98, "quantity": 0.070435, "market": "Binance", "side": "sell", "Mean": 49390.703760000004}, {"id": 2275165, "date": "2021-05-14T03:20:31.218000+00:00", "price": 49419.99, "quantity": 0.200035, "market": "Binance", "side": "buy", "Mean": 49390.703760000004}, {"id": 2275164, "date": "2021-05-14T03:20:31.212000+00:00", "price": 49419.98, "quantity": 0.00081, "market": "Binance", "side": "sell", "Mean": 49390.703760000004}, {"id": 2275162, "date": "2021-05-14T03:20:31.110000+00:00", "price": 49419.98, "quantity": 0.001972, "market": "Binance", "side": "sell", "Mean": 49390.703760000004}, {"id": 2275154, "date": "2021-05-14T03:20:30.640000+00:00", "price": 49419.99, "quantity": 0.029997, "market": "Binance", "side": "buy", "Mean": 49390.703760000004}, {"id": 2275153, "date": "2021-05-14T03:20:30.579000+00:00", "price": 49419.99, "quantity": 0.028782, "market": "Binance", "side": "buy", "Mean": 49390.703760000004}, {"id": 2275152, "date": "2021-05-14T03:20:30.531000+00:00", "price": 49419.99, "quantity": 0.020989, "market": "Binance", "side": "buy", "Mean": 49390.703760000004}, {"id": 2275151, "date": "2021-05-14T03:20:30.498000+00:00", "price": 49419.99, "quantity": 0.010181, "market": "Binance", "side": "buy", "Mean": 49390.703760000004}, {"id": 2275142, "date": "2021-05-14T03:20:30.252000+00:00", "price": 49419.98, "quantity": 0.001, "market": "Binance", "side": "sell", "Mean": 49390.703760000004}, {"id": 2275137, "date": "2021-05-14T03:20:30.124000+00:00", "price": 49419.41, "quantity": 0.150599, "market": "Binance", "side": "buy", "Mean": 49390.703760000004}, {"id": 2275136, "date": "2021-05-14T03:20:30.038000+00:00", "price": 49419.4, "quantity": 0.006749, "market": "Binance", "side": "sell", "Mean": 49390.703760000004}, {"id": 2275125, "date": "2021-05-14T03:20:29.685000+00:00", "price": 49416.91, "quantity": 0.000372, "market": "Binance", "side": "sell", "Mean": 49390.703760000004}, {"id": 2275124, "date": "2021-05-14T03:20:29.661000+00:00", "price": 49416.91, "quantity": 0.002023, "market": "Binance", "side": "sell", "Mean": 49390.703760000004}, {"id": 2275121, "date": "2021-05-14T03:20:29.621000+00:00", "price": 49415.15, "quantity": 0.000405, "market": "Binance", "side": "buy", "Mean": 49390.703760000004}, {"id": 2275113, "date": "2021-05-14T03:20:29.178000+00:00", "price": 49414.78, "quantity": 0.065883, "market": "Binance", "side": "sell", "Mean": 49390.703760000004}, {"id": 2275111, "date": "2021-05-14T03:20:29.123000+00:00", "price": 49414.78, "quantity": 0.03245, "market": "Binance", "side": "sell", "Mean": 49390.703760000004}, {"id": 2275102, "date": "2021-05-14T03:20:28.977000+00:00", "price": 49407.32, "quantity": 2.4e-05, "market": "Binance", "side": "buy", "Mean": 49390.703760000004}, {"id": 2275103, "date": "2021-05-14T03:20:28.977000+00:00", "price": 49407.59, "quantity": 0.018066, "market": "Binance", "side": "buy", "Mean": 49390.703760000004}, {"id": 2275104, "date": "2021-05-14T03:20:28.977000+00:00", "price": 49408.29, "quantity": 0.013071, "market": "Binance", "side": "buy", "Mean": 49390.703760000004}, {"id": 2275105, "date": "2021-05-14T03:20:28.977000+00:00", "price": 49411.0, "quantity": 0.000686, "market": "Binance", "side": "buy", "Mean": 49390.703760000004}, {"id": 2275106, "date": "2021-05-14T03:20:28.977000+00:00", "price": 49412.14, "quantity": 0.027575, "market": "Binance", "side": "buy", "Mean": 49390.703760000004}, {"id": 2275107, "date": "2021-05-14T03:20:28.977000+00:00", "price": 49413.0, "quantity": 0.01, "market": "Binance", "side": "buy", "Mean": 49390.703760000004}, {"id": 2275108, "date": "2021-05-14T03:20:28.977000+00:00", "price": 49413.74, "quantity": 0.004, "market": "Binance", "side": "buy", "Mean": 49390.703760000004}, {"id": 2275109, "date": "2021-05-14T03:20:28.977000+00:00", "price": 49415.18, "quantity": 0.141554, "market": "Binance", "side": "buy", "Mean": 49390.703760000004}, {"id": 2275101, "date": "2021-05-14T03:20:28.925000+00:00", "price": 49407.31, "quantity": 0.006102, "market": "Binance", "side": "sell", "Mean": 49390.703760000004}, {"id": 2275097, "date": "2021-05-14T03:20:28.883000+00:00", "price": 49407.32, "quantity": 0.001999, "market": "Binance", "side": "buy", "Mean": 49390.703760000004}, {"id": 2275096, "date": "2021-05-14T03:20:28.805000+00:00", "price": 49402.38, "quantity": 3.3e-05, "market": "Binance", "side": "buy", "Mean": 49390.703760000004}, {"id": 2275094, "date": "2021-05-14T03:20:28.683000+00:00", "price": 49402.38, "quantity": 0.018452, "market": "Binance", "side": "buy", "Mean": 49390.703760000004}, {"id": 2275093, "date": "2021-05-14T03:20:28.672000+00:00", "price": 49402.37, "quantity": 0.002009, "market": "Binance", "side": "sell", "Mean": 49390.703760000004}, {"id": 2275092, "date": "2021-05-14T03:20:28.581000+00:00", "price": 49402.38, "quantity": 0.009995, "market": "Binance", "side": "buy", "Mean": 49390.703760000004}, {"id": 2275090, "date": "2021-05-14T03:20:28.476000+00:00", "price": 49400.63, "quantity": 0.025526, "market": "Binance", "side": "buy", "Mean": 49390.703760000004}, {"id": 2275088, "date": "2021-05-14T03:20:28.428000+00:00", "price": 49400.62, "quantity": 0.065883, "market": "Binance", "side": "sell", "Mean": 49390.703760000004}, {"id": 2275085, "date": "2021-05-14T03:20:28.387000+00:00", "price": 49400.62, "quantity": 0.028517, "market": "Binance", "side": "sell", "Mean": 49390.703760000004}, {"id": 2275084, "date": "2021-05-14T03:20:28.335000+00:00", "price": 49400.62, "quantity": 0.017252, "market": "Binance", "side": "sell", "Mean": 49390.703760000004}, {"id": 2275080, "date": "2021-05-14T03:20:28.252000+00:00", "price": 49395.15, "quantity": 0.085976, "market": "Binance", "side": "buy", "Mean": 49390.703760000004}, {"id": 2275081, "date": "2021-05-14T03:20:28.252000+00:00", "price": 49395.16, "quantity": 0.245644, "market": "Binance", "side": "buy", "Mean": 49390.703760000004}, {"id": 2275076, "date": "2021-05-14T03:20:28.155000+00:00", "price": 49388.0, "quantity": 0.009801, "market": "Binance", "side": "buy", "Mean": 49390.703760000004}, {"id": 2275077, "date": "2021-05-14T03:20:28.155000+00:00", "price": 49388.04, "quantity": 0.001026, "market": "Binance", "side": "buy", "Mean": 49390.703760000004}, {"id": 2275078, "date": "2021-05-14T03:20:28.155000+00:00", "price": 49392.04, "quantity": 0.189291, "market": "Binance", "side": "buy", "Mean": 49390.703760000004}, {"id": 2275070, "date": "2021-05-14T03:20:27.621000+00:00", "price": 49387.99, "quantity": 0.026046, "market": "Binance", "side": "sell", "Mean": 49390.703760000004}, {"id": 2275069, "date": "2021-05-14T03:20:27.574000+00:00", "price": 49380.59, "quantity": 4.6e-05, "market": "Binance", "side": "buy", "Mean": 49390.703760000004}, {"id": 2275068, "date": "2021-05-14T03:20:27.463000+00:00", "price": 49380.58, "quantity": 0.00085, "market": "Binance", "side": "sell", "Mean": 49390.703760000004}, {"id": 2275067, "date": "2021-05-14T03:20:27.418000+00:00", "price": 49380.59, "quantity": 0.01061, "market": "Binance", "side": "buy", "Mean": 49390.703760000004}, {"id": 2275065, "date": "2021-05-14T03:20:27.125000+00:00", "price": 49380.58, "quantity": 0.000512, "market": "Binance", "side": "sell", "Mean": 49390.703760000004}, {"id": 2275061, "date": "2021-05-14T03:20:26.546000+00:00", "price": 49380.57, "quantity": 0.145035, "market": "Binance", "side": "buy", "Mean": 49390.703760000004}, {"id": 2275060, "date": "2021-05-14T03:20:26.463000+00:00", "price": 49380.56, "quantity": 0.008849, "market": "Binance", "side": "sell", "Mean": 49390.703760000004}, {"id": 2275058, "date": "2021-05-14T03:20:26.301000+00:00", "price": 49380.56, "quantity": 0.001375, "market": "Binance", "side": "sell", "Mean": 49390.703760000004}, {"id": 2275057, "date": "2021-05-14T03:20:26.227000+00:00", "price": 49380.56, "quantity": 0.018457, "market": "Binance", "side": "sell", "Mean": 49390.703760000004}, {"id": 2275053, "date": "2021-05-14T03:20:26.030000+00:00", "price": 49380.56, "quantity": 0.00099, "market": "Binance", "side": "sell", "Mean": 49390.703760000004}, {"id": 2275051, "date": "2021-05-14T03:20:25.953000+00:00", "price": 49380.57, "quantity": 0.002651, "market": "Binance", "side": "buy", "Mean": 49390.703760000004}, {"id": 2275052, "date": "2021-05-14T03:20:25.953000+00:00", "price": 49380.57, "quantity": 0.00075, "market": "Binance", "side": "buy", "Mean": 49390.703760000004}, {"id": 2275048, "date": "2021-05-14T03:20:25.892000+00:00", "price": 49377.08, "quantity": 0.000405, "market": "Binance", "side": "sell", "Mean": 49390.703760000004}, {"id": 2275049, "date": "2021-05-14T03:20:25.892000+00:00", "price": 49376.8, "quantity": 0.037323, "market": "Binance", "side": "sell", "Mean": 49390.703760000004}, {"id": 2275050, "date": "2021-05-14T03:20:25.892000+00:00", "price": 49371.94, "quantity": 0.014955, "market": "Binance", "side": "sell", "Mean": 49390.703760000004}, {"id": 2275047, "date": "2021-05-14T03:20:25.877000+00:00", "price": 49380.56, "quantity": 0.003685, "market": "Binance", "side": "sell", "Mean": 49390.703760000004}, {"id": 2275046, "date": "2021-05-14T03:20:25.747000+00:00", "price": 49380.58, "quantity": 0.106814, "market": "Binance", "side": "buy", "Mean": 49390.703760000004}, {"id": 2275045, "date": "2021-05-14T03:20:25.525000+00:00", "price": 49385.28, "quantity": 0.000778, "market": "Binance", "side": "buy", "Mean": 49390.703760000004}, {"id": 2275041, "date": "2021-05-14T03:20:25.287000+00:00", "price": 49382.69, "quantity": 0.200751, "market": "Binance", "side": "buy", "Mean": 49390.703760000004}, {"id": 2275040, "date": "2021-05-14T03:20:25.223000+00:00", "price": 49385.27, "quantity": 0.000892, "market": "Binance", "side": "sell", "Mean": 49390.703760000004}, {"id": 2275038, "date": "2021-05-14T03:20:25.129000+00:00", "price": 49385.28, "quantity": 0.014761, "market": "Binance", "side": "buy", "Mean": 49390.703760000004}, {"id": 2275037, "date": "2021-05-14T03:20:25.104000+00:00", "price": 49385.27, "quantity": 0.013385, "market": "Binance", "side": "sell", "Mean": 49390.703760000004}, {"id": 2275036, "date": "2021-05-14T03:20:25.085000+00:00", "price": 49386.62, "quantity": 0.000404, "market": "Binance", "side": "buy", "Mean": 49390.703760000004}, {"id": 2275035, "date": "2021-05-14T03:20:25.073000+00:00", "price": 49386.61, "quantity": 0.010117, "market": "Binance", "side": "sell", "Mean": 49390.703760000004}, {"id": 2275034, "date": "2021-05-14T03:20:25.070000+00:00", "price": 49386.61, "quantity": 0.009717, "market": "Binance", "side": "sell", "Mean": 49390.703760000004}, {"id": 2275032, "date": "2021-05-14T03:20:24.951000+00:00", "price": 49386.61, "quantity": 0.0026, "market": "Binance", "side": "sell", "Mean": 49390.703760000004}, {"id": 2275031, "date": "2021-05-14T03:20:24.805000+00:00", "price": 49386.62, "quantity": 0.004347, "market": "Binance", "side": "buy", "Mean": 49390.703760000004}, {"id": 2275029, "date": "2021-05-14T03:20:24.802000+00:00", "price": 49386.62, "quantity": 0.002909, "market": "Binance", "side": "buy", "Mean": 49390.703760000004}, {"id": 2275030, "date": "2021-05-14T03:20:24.802000+00:00", "price": 49386.62, "quantity": 0.001039, "market": "Binance", "side": "buy", "Mean": 49390.703760000004}, {"id": 2275028, "date": "2021-05-14T03:20:24.731000+00:00", "price": 49386.61, "quantity": 0.000263, "market": "Binance", "side": "sell", "Mean": 49390.703760000004}, {"id": 2275026, "date": "2021-05-14T03:20:24.702000+00:00", "price": 49382.67, "quantity": 0.04908, "market": "Binance", "side": "buy", "Mean": 49390.703760000004}, {"id": 2275027, "date": "2021-05-14T03:20:24.702000+00:00", "price": 49386.62, "quantity": 0.007114, "market": "Binance", "side": "buy", "Mean": 49390.703760000004}, {"id": 2275023, "date": "2021-05-14T03:20:24.400000+00:00", "price": 49382.66, "quantity": 0.002025, "market": "Binance", "side": "sell", "Mean": 49390.703760000004}, {"id": 2275022, "date": "2021-05-14T03:20:24.236000+00:00", "price": 49382.66, "quantity": 0.000214, "market": "Binance", "side": "sell", "Mean": 49390.703760000004}, {"id": 2275021, "date": "2021-05-14T03:20:24.183000+00:00", "price": 49382.66, "quantity": 0.001387, "market": "Binance", "side": "sell", "Mean": 49390.703760000004}, {"id": 2275020, "date": "2021-05-14T03:20:24.155000+00:00", "price": 49382.66, "quantity": 0.168478, "market": "Binance", "side": "sell", "Mean": 49390.703760000004}, {"id": 2275019, "date": "2021-05-14T03:20:24.126000+00:00", "price": 49382.66, "quantity": 0.002698, "market": "Binance", "side": "sell", "Mean": 49390.703760000004}, {"id": 2275018, "date": "2021-05-14T03:20:24.092000+00:00", "price": 49382.66, "quantity": 0.013533, "market": "Binance", "side": "sell", "Mean": 49390.703760000004}, {"id": 2275017, "date": "2021-05-14T03:20:24.010000+00:00", "price": 49382.66, "quantity": 0.00038, "market": "Binance", "side": "sell", "Mean": 49390.703760000004}, {"id": 2275016, "date": "2021-05-14T03:20:23.955000+00:00", "price": 49382.66, "quantity": 0.003581, "market": "Binance", "side": "sell", "Mean": 49390.703760000004}, {"id": 2275013, "date": "2021-05-14T03:20:23.572000+00:00", "price": 49382.66, "quantity": 0.008095, "market": "Binance", "side": "sell", "Mean": 49390.703760000004}, {"id": 2275012, "date": "2021-05-14T03:20:23.450000+00:00", "price": 49382.66, "quantity": 0.000356, "market": "Binance", "side": "sell", "Mean": 49390.703760000004}, {"id": 2275010, "date": "2021-05-14T03:20:22.853000+00:00", "price": 49384.73, "quantity": 0.000487, "market": "Binance", "side": "sell", "Mean": 49390.703760000004}, {"id": 2275008, "date": "2021-05-14T03:20:22.583000+00:00", "price": 49384.73, "quantity": 0.002233, "market": "Binance", "side": "sell", "Mean": 49390.703760000004}, {"id": 2275005, "date": "2021-05-14T03:20:22.524000+00:00", "price": 49384.73, "quantity": 0.014118, "market": "Binance", "side": "sell", "Mean": 49390.703760000004}, {"id": 2275004, "date": "2021-05-14T03:20:22.477000+00:00", "price": 49384.73, "quantity": 0.000896, "market": "Binance", "side": "sell", "Mean": 49390.703760000004}, {"id": 2275003, "date": "2021-05-14T03:20:22.424000+00:00", "price": 49384.73, "quantity": 0.017097, "market": "Binance", "side": "sell", "Mean": 49390.703760000004}, {"id": 2275002, "date": "2021-05-14T03:20:22.375000+00:00", "price": 49384.73, "quantity": 0.01702, "market": "Binance", "side": "sell", "Mean": 49390.703760000004}, {"id": 2274997, "date": "2021-05-14T03:20:22.356000+00:00", "price": 49378.78, "quantity": 0.016896, "market": "Binance", "side": "buy", "Mean": 49390.703760000004}, {"id": 2274998, "date": "2021-05-14T03:20:22.356000+00:00", "price": 49379.48, "quantity": 0.017423, "market": "Binance", "side": "buy", "Mean": 49390.703760000004}, {"id": 2274999, "date": "2021-05-14T03:20:22.356000+00:00", "price": 49380.0, "quantity": 0.017473, "market": "Binance", "side": "buy", "Mean": 49390.703760000004}, {"id": 2275000, "date": "2021-05-14T03:20:22.356000+00:00", "price": 49384.72, "quantity": 0.141435, "market": "Binance", "side": "buy", "Mean": 49390.703760000004}, {"id": 2275001, "date": "2021-05-14T03:20:22.356000+00:00", "price": 49384.73, "quantity": 0.007694, "market": "Binance", "side": "buy", "Mean": 49390.703760000004}, {"id": 2274996, "date": "2021-05-14T03:20:22.330000+00:00", "price": 49378.77, "quantity": 0.045249, "market": "Binance", "side": "sell", "Mean": 49390.703760000004}, {"id": 2274995, "date": "2021-05-14T03:20:22.327000+00:00", "price": 49378.77, "quantity": 0.00099, "market": "Binance", "side": "sell", "Mean": 49390.703760000004}, {"id": 2274990, "date": "2021-05-14T03:20:22.111000+00:00", "price": 49378.27, "quantity": 0.021433, "market": "Binance", "side": "sell", "Mean": 49390.703760000004}, {"id": 2274980, "date": "2021-05-14T03:20:22.036000+00:00", "price": 49377.01, "quantity": 0.00784, "market": "Binance", "side": "sell", "Mean": 49390.703760000004}, {"id": 2274978, "date": "2021-05-14T03:20:21.987000+00:00", "price": 49373.2, "quantity": 0.013146, "market": "Binance", "side": "buy", "Mean": 49390.703760000004}, {"id": 2274977, "date": "2021-05-14T03:20:21.975000+00:00", "price": 49373.2, "quantity": 0.073761, "market": "Binance", "side": "buy", "Mean": 49390.703760000004}, {"id": 2274976, "date": "2021-05-14T03:20:21.974000+00:00", "price": 49373.2, "quantity": 0.003737, "market": "Binance", "side": "buy", "Mean": 49390.703760000004}, {"id": 2274975, "date": "2021-05-14T03:20:21.964000+00:00", "price": 49372.95, "quantity": 0.254684, "market": "Binance", "side": "buy", "Mean": 49390.703760000004}, {"id": 2274972, "date": "2021-05-14T03:20:21.931000+00:00", "price": 49369.18, "quantity": 0.1892, "market": "Binance", "side": "buy", "Mean": 49390.703760000004}, {"id": 2274973, "date": "2021-05-14T03:20:21.931000+00:00", "price": 49369.19, "quantity": 0.009718, "market": "Binance", "side": "buy", "Mean": 49390.703760000004}, {"id": 2274974, "date": "2021-05-14T03:20:21.931000+00:00", "price": 49369.2, "quantity": 0.016464, "market": "Binance", "side": "buy", "Mean": 49390.703760000004}, {"id": 2274971, "date": "2021-05-14T03:20:21.792000+00:00", "price": 49369.17, "quantity": 0.008095, "market": "Binance", "side": "sell", "Mean": 49390.703760000004}, {"id": 2274970, "date": "2021-05-14T03:20:21.572000+00:00", "price": 49369.18, "quantity": 0.006, "market": "Binance", "side": "buy", "Mean": 49390.703760000004}, {"id": 2274969, "date": "2021-05-14T03:20:21.544000+00:00", "price": 49369.18, "quantity": 0.00805, "market": "Binance", "side": "buy", "Mean": 49390.703760000004}, {"id": 2274967, "date": "2021-05-14T03:20:21.440000+00:00", "price": 49369.18, "quantity": 0.000198, "market": "Binance", "side": "buy", "Mean": 49390.703760000004}, {"id": 2274965, "date": "2021-05-14T03:20:21.124000+00:00", "price": 49369.18, "quantity": 0.0006, "market": "Binance", "side": "buy", "Mean": 49390.703760000004}, {"id": 2274964, "date": "2021-05-14T03:20:21.115000+00:00", "price": 49369.17, "quantity": 0.001978, "market": "Binance", "side": "sell", "Mean": 49390.703760000004}, {"id": 2274962, "date": "2021-05-14T03:20:21.029000+00:00", "price": 49369.18, "quantity": 0.004979, "market": "Binance", "side": "buy", "Mean": 49390.703760000004}, {"id": 2274960, "date": "2021-05-14T03:20:20.825000+00:00", "price": 49369.17, "quantity": 0.03821, "market": "Binance", "side": "sell", "Mean": 49390.703760000004}, {"id": 2274959, "date": "2021-05-14T03:20:20.760000+00:00", "price": 49369.18, "quantity": 0.033292, "market": "Binance", "side": "buy", "Mean": 49390.703760000004}, {"id": 2274958, "date": "2021-05-14T03:20:20.643000+00:00", "price": 49369.18, "quantity": 0.000626, "market": "Binance", "side": "buy", "Mean": 49390.703760000004}, {"id": 2274957, "date": "2021-05-14T03:20:20.636000+00:00", "price": 49369.18, "quantity": 0.001014, "market": "Binance", "side": "buy", "Mean": 49390.703760000004}, {"id": 2274956, "date": "2021-05-14T03:20:20.534000+00:00", "price": 49369.18, "quantity": 0.001689, "market": "Binance", "side": "buy", "Mean": 49390.703760000004}, {"id": 2274954, "date": "2021-05-14T03:20:20.321000+00:00", "price": 49369.18, "quantity": 0.00252, "market": "Binance", "side": "buy", "Mean": 49390.703760000004}, {"id": 2274953, "date": "2021-05-14T03:20:20.171000+00:00", "price": 49369.17, "quantity": 0.016466, "market": "Binance", "side": "sell", "Mean": 49390.703760000004}, {"id": 2274952, "date": "2021-05-14T03:20:20.101000+00:00", "price": 49369.17, "quantity": 0.002025, "market": "Binance", "side": "sell", "Mean": 49390.703760000004}, {"id": 2274951, "date": "2021-05-14T03:20:20.070000+00:00", "price": 49369.17, "quantity": 0.021126, "market": "Binance", "side": "sell", "Mean": 49390.703760000004}, {"id": 2274950, "date": "2021-05-14T03:20:19.979000+00:00", "price": 49369.17, "quantity": 0.001508, "market": "Binance", "side": "sell", "Mean": 49390.703760000004}, {"id": 2274948, "date": "2021-05-14T03:20:19.721000+00:00", "price": 49369.17, "quantity": 0.002731, "market": "Binance", "side": "sell", "Mean": 49390.703760000004}, {"id": 2274947, "date": "2021-05-14T03:20:19.428000+00:00", "price": 49369.18, "quantity": 0.200257, "market": "Binance", "side": "buy", "Mean": 49390.703760000004}, {"id": 2274944, "date": "2021-05-14T03:20:19.327000+00:00", "price": 49369.18, "quantity": 0.000782, "market": "Binance", "side": "buy", "Mean": 49390.703760000004}, {"id": 2274943, "date": "2021-05-14T03:20:19.324000+00:00", "price": 49369.17, "quantity": 0.002025, "market": "Binance", "side": "sell", "Mean": 49390.703760000004}, {"id": 2274940, "date": "2021-05-14T03:20:19.167000+00:00", "price": 49369.18, "quantity": 0.000311, "market": "Binance", "side": "buy", "Mean": 49390.703760000004}, {"id": 2274936, "date": "2021-05-14T03:20:19.103000+00:00", "price": 49364.54, "quantity": 0.032884, "market": "Binance", "side": "buy", "Mean": 49390.703760000004}, {"id": 2274937, "date": "2021-05-14T03:20:19.103000+00:00", "price": 49365.72, "quantity": 0.005905, "market": "Binance", "side": "buy", "Mean": 49390.703760000004}, {"id": 2274938, "date": "2021-05-14T03:20:19.103000+00:00", "price": 49367.81, "quantity": 0.0175, "market": "Binance", "side": "buy", "Mean": 49390.703760000004}, {"id": 2274939, "date": "2021-05-14T03:20:19.103000+00:00", "price": 49369.17, "quantity": 0.044911, "market": "Binance", "side": "buy", "Mean": 49390.703760000004}, {"id": 2274931, "date": "2021-05-14T03:20:18.797000+00:00", "price": 49356.03, "quantity": 2e-06, "market": "Binance", "side": "buy", "Mean": 49390.703760000004}, {"id": 2274932, "date": "2021-05-14T03:20:18.797000+00:00", "price": 49358.21, "quantity": 0.01, "market": "Binance", "side": "buy", "Mean": 49390.703760000004}, {"id": 2274933, "date": "2021-05-14T03:20:18.797000+00:00", "price": 49360.13, "quantity": 0.039892, "market": "Binance", "side": "buy", "Mean": 49390.703760000004}, {"id": 2274934, "date": "2021-05-14T03:20:18.797000+00:00", "price": 49365.49, "quantity": 0.038843, "market": "Binance", "side": "buy", "Mean": 49390.703760000004}, {"id": 2274930, "date": "2021-05-14T03:20:18.774000+00:00", "price": 49356.03, "quantity": 0.011864, "market": "Binance", "side": "buy", "Mean": 49390.703760000004}, {"id": 2274929, "date": "2021-05-14T03:20:18.768000+00:00", "price": 49356.02, "quantity": 0.014675, "market": "Binance", "side": "sell", "Mean": 49390.703760000004}, {"id": 2274928, "date": "2021-05-14T03:20:18.733000+00:00", "price": 49356.03, "quantity": 0.005598, "market": "Binance", "side": "buy", "Mean": 49390.703760000004}, {"id": 2274926, "date": "2021-05-14T03:20:18.482000+00:00", "price": 49358.32, "quantity": 0.002365, "market": "Binance", "side": "buy", "Mean": 49390.703760000004}, {"id": 2274922, "date": "2021-05-14T03:20:18.380000+00:00", "price": 49365.85, "quantity": 0.035495, "market": "Binance", "side": "sell", "Mean": 49390.703760000004}, {"id": 2274918, "date": "2021-05-14T03:20:18.225000+00:00", "price": 49365.86, "quantity": 0.004219, "market": "Binance", "side": "buy", "Mean": 49390.703760000004}, {"id": 2274915, "date": "2021-05-14T03:20:18.164000+00:00", "price": 49369.37, "quantity": 0.208565, "market": "Binance", "side": "sell", "Mean": 49390.703760000004}, {"id": 2274916, "date": "2021-05-14T03:20:18.164000+00:00", "price": 49365.99, "quantity": 0.011572, "market": "Binance", "side": "sell", "Mean": 49390.703760000004}, {"id": 2274917, "date": "2021-05-14T03:20:18.164000+00:00", "price": 49365.65, "quantity": 0.013086, "market": "Binance", "side": "sell", "Mean": 49390.703760000004}, {"id": 2274914, "date": "2021-05-14T03:20:18.085000+00:00", "price": 49369.37, "quantity": 0.031479, "market": "Binance", "side": "sell", "Mean": 49390.703760000004}, {"id": 2274910, "date": "2021-05-14T03:20:17.928000+00:00", "price": 49369.38, "quantity": 0.1012, "market": "Binance", "side": "buy", "Mean": 49390.703760000004}, {"id": 2274909, "date": "2021-05-14T03:20:17.917000+00:00", "price": 49369.37, "quantity": 0.000768, "market": "Binance", "side": "sell", "Mean": 49390.703760000004}, {"id": 2274908, "date": "2021-05-14T03:20:17.638000+00:00", "price": 49369.37, "quantity": 0.0009, "market": "Binance", "side": "sell", "Mean": 49390.703760000004}, {"id": 2274907, "date": "2021-05-14T03:20:17.526000+00:00", "price": 49369.38, "quantity": 0.010045, "market": "Binance", "side": "buy", "Mean": 49390.703760000004}, {"id": 2274905, "date": "2021-05-14T03:20:17.265000+00:00", "price": 49369.37, "quantity": 0.002055, "market": "Binance", "side": "sell", "Mean": 49390.703760000004}, {"id": 2274902, "date": "2021-05-14T03:20:17.063000+00:00", "price": 49369.38, "quantity": 0.002256, "market": "Binance", "side": "buy", "Mean": 49390.703760000004}, {"id": 2274901, "date": "2021-05-14T03:20:16.988000+00:00", "price": 49369.37, "quantity": 0.013423, "market": "Binance", "side": "sell", "Mean": 49390.703760000004}, {"id": 2274892, "date": "2021-05-14T03:20:16.782000+00:00", "price": 49365.92, "quantity": 0.001576, "market": "Binance", "side": "buy", "Mean": 49390.703760000004}, {"id": 2274888, "date": "2021-05-14T03:20:16.603000+00:00", "price": 49365.91, "quantity": 0.001002, "market": "Binance", "side": "sell", "Mean": 49390.703760000004}, {"id": 2274887, "date": "2021-05-14T03:20:16.537000+00:00", "price": 49365.91, "quantity": 0.000689, "market": "Binance", "side": "sell", "Mean": 49390.703760000004}, {"id": 2274886, "date": "2021-05-14T03:20:16.530000+00:00", "price": 49365.91, "quantity": 0.144435, "market": "Binance", "side": "sell", "Mean": 49390.703760000004}, {"id": 2274884, "date": "2021-05-14T03:20:16.488000+00:00", "price": 49364.0, "quantity": 0.045983, "market": "Binance", "side": "buy", "Mean": 49390.703760000004}, {"id": 2274882, "date": "2021-05-14T03:20:16.436000+00:00", "price": 49363.99, "quantity": 0.004146, "market": "Binance", "side": "sell", "Mean": 49390.703760000004}, {"id": 2274881, "date": "2021-05-14T03:20:16.434000+00:00", "price": 49363.99, "quantity": 0.000848, "market": "Binance", "side": "sell", "Mean": 49390.703760000004}, {"id": 2274872, "date": "2021-05-14T03:20:16.293000+00:00", "price": 49353.43, "quantity": 0.019789, "market": "Binance", "side": "buy", "Mean": 49390.703760000004}, {"id": 2274873, "date": "2021-05-14T03:20:16.293000+00:00", "price": 49353.51, "quantity": 0.01, "market": "Binance", "side": "buy", "Mean": 49390.703760000004}, {"id": 2274874, "date": "2021-05-14T03:20:16.293000+00:00", "price": 49357.7, "quantity": 0.045701, "market": "Binance", "side": "buy", "Mean": 49390.703760000004}, {"id": 2274875, "date": "2021-05-14T03:20:16.293000+00:00", "price": 49361.41, "quantity": 0.01, "market": "Binance", "side": "buy", "Mean": 49390.703760000004}, {"id": 2274876, "date": "2021-05-14T03:20:16.293000+00:00", "price": 49361.6, "quantity": 0.048223, "market": "Binance", "side": "buy", "Mean": 49390.703760000004}, {"id": 2274877, "date": "2021-05-14T03:20:16.293000+00:00", "price": 49361.61, "quantity": 0.066484, "market": "Binance", "side": "buy", "Mean": 49390.703760000004}, {"id": 2274871, "date": "2021-05-14T03:20:16.276000+00:00", "price": 49353.43, "quantity": 0.189933, "market": "Binance", "side": "buy", "Mean": 49390.703760000004}, {"id": 2274868, "date": "2021-05-14T03:20:16.090000+00:00", "price": 49353.43, "quantity": 0.000259, "market": "Binance", "side": "buy", "Mean": 49390.703760000004}, {"id": 2274865, "date": "2021-05-14T03:20:15.926000+00:00", "price": 49353.43, "quantity": 0.002182, "market": "Binance", "side": "buy", "Mean": 49390.703760000004}, {"id": 2274864, "date": "2021-05-14T03:20:15.831000+00:00", "price": 49353.42, "quantity": 0.00468, "market": "Binance", "side": "sell", "Mean": 49390.703760000004}, {"id": 2274860, "date": "2021-05-14T03:20:15.725000+00:00", "price": 49353.43, "quantity": 0.002025, "market": "Binance", "side": "buy", "Mean": 49390.703760000004}, {"id": 2274858, "date": "2021-05-14T03:20:15.527000+00:00", "price": 49353.43, "quantity": 0.098119, "market": "Binance", "side": "buy", "Mean": 49390.703760000004}, {"id": 2274857, "date": "2021-05-14T03:20:15.503000+00:00", "price": 49353.43, "quantity": 0.000248, "market": "Binance", "side": "buy", "Mean": 49390.703760000004}, {"id": 2274856, "date": "2021-05-14T03:20:15.438000+00:00", "price": 49353.43, "quantity": 0.012701, "market": "Binance", "side": "buy", "Mean": 49390.703760000004}, {"id": 2274853, "date": "2021-05-14T03:20:15.406000+00:00", "price": 49353.43, "quantity": 0.021113, "market": "Binance", "side": "buy", "Mean": 49390.703760000004}, {"id": 2274850, "date": "2021-05-14T03:20:15.351000+00:00", "price": 49353.43, "quantity": 0.000202, "market": "Binance", "side": "buy", "Mean": 49390.703760000004}, {"id": 2274848, "date": "2021-05-14T03:20:15.293000+00:00", "price": 49353.54, "quantity": 0.001611, "market": "Binance", "side": "buy", "Mean": 49390.703760000004}, {"id": 2274846, "date": "2021-05-14T03:20:15.218000+00:00", "price": 49353.54, "quantity": 0.005662, "market": "Binance", "side": "buy", "Mean": 49390.703760000004}, {"id": 2274844, "date": "2021-05-14T03:20:15.170000+00:00", "price": 49353.54, "quantity": 0.000654, "market": "Binance", "side": "buy", "Mean": 49390.703760000004}, {"id": 2274837, "date": "2021-05-14T03:20:15.136000+00:00", "price": 49355.4, "quantity": 0.000405, "market": "Binance", "side": "sell", "Mean": 49390.703760000004}, {"id": 2274838, "date": "2021-05-14T03:20:15.136000+00:00", "price": 49354.21, "quantity": 0.019722, "market": "Binance", "side": "sell", "Mean": 49390.703760000004}, {"id": 2274839, "date": "2021-05-14T03:20:15.136000+00:00", "price": 49354.2, "quantity": 0.009494, "market": "Binance", "side": "sell", "Mean": 49390.703760000004}, {"id": 2274840, "date": "2021-05-14T03:20:15.136000+00:00", "price": 49354.02, "quantity": 0.01, "market": "Binance", "side": "sell", "Mean": 49390.703760000004}, {"id": 2274841, "date": "2021-05-14T03:20:15.136000+00:00", "price": 49354.0, "quantity": 0.01, "market": "Binance", "side": "sell", "Mean": 49390.703760000004}, {"id": 2274842, "date": "2021-05-14T03:20:15.136000+00:00", "price": 49353.54, "quantity": 0.081838, "market": "Binance", "side": "sell", "Mean": 49390.703760000004}, {"id": 2274843, "date": "2021-05-14T03:20:15.136000+00:00", "price": 49353.53, "quantity": 0.110992, "market": "Binance", "side": "sell", "Mean": 49390.703760000004}, {"id": 2274836, "date": "2021-05-14T03:20:15.085000+00:00", "price": 49355.41, "quantity": 0.000202, "market": "Binance", "side": "buy", "Mean": 49390.703760000004}, {"id": 2274829, "date": "2021-05-14T03:20:14.976000+00:00", "price": 49358.58, "quantity": 0.002002, "market": "Binance", "side": "buy", "Mean": 49390.703760000004}, {"id": 2274825, "date": "2021-05-14T03:20:14.914000+00:00", "price": 49357.07, "quantity": 0.000405, "market": "Binance", "side": "sell", "Mean": 49390.703760000004}, {"id": 2274826, "date": "2021-05-14T03:20:14.914000+00:00", "price": 49356.03, "quantity": 0.08, "market": "Binance", "side": "sell", "Mean": 49390.703760000004}, {"id": 2274827, "date": "2021-05-14T03:20:14.914000+00:00", "price": 49355.39, "quantity": 0.030811, "market": "Binance", "side": "sell", "Mean": 49390.703760000004}, {"id": 2274824, "date": "2021-05-14T03:20:14.832000+00:00", "price": 49361.07, "quantity": 0.000703, "market": "Binance", "side": "buy", "Mean": 49390.703760000004}, {"id": 2274820, "date": "2021-05-14T03:20:14.745000+00:00", "price": 49361.06, "quantity": 0.000405, "market": "Binance", "side": "sell", "Mean": 49390.703760000004}, {"id": 2274821, "date": "2021-05-14T03:20:14.745000+00:00", "price": 49360.7, "quantity": 0.013019, "market": "Binance", "side": "sell", "Mean": 49390.703760000004}, {"id": 2274822, "date": "2021-05-14T03:20:14.745000+00:00", "price": 49357.06, "quantity": 0.286859, "market": "Binance", "side": "sell", "Mean": 49390.703760000004}, {"id": 2274819, "date": "2021-05-14T03:20:14.726000+00:00", "price": 49365.39, "quantity": 0.098112, "market": "Binance", "side": "buy", "Mean": 49390.703760000004}, {"id": 2274814, "date": "2021-05-14T03:20:14.680000+00:00", "price": 49361.06, "quantity": 0.000405, "market": "Binance", "side": "buy", "Mean": 49390.703760000004}, {"id": 2274815, "date": "2021-05-14T03:20:14.680000+00:00", "price": 49362.07, "quantity": 0.000446, "market": "Binance", "side": "buy", "Mean": 49390.703760000004}, {"id": 2274816, "date": "2021-05-14T03:20:14.680000+00:00", "price": 49366.29, "quantity": 0.023763, "market": "Binance", "side": "buy", "Mean": 49390.703760000004}, {"id": 2274817, "date": "2021-05-14T03:20:14.680000+00:00", "price": 49366.3, "quantity": 0.002025, "market": "Binance", "side": "buy", "Mean": 49390.703760000004}, {"id": 2274818, "date": "2021-05-14T03:20:14.680000+00:00", "price": 49367.03, "quantity": 0.017803, "market": "Binance", "side": "buy", "Mean": 49390.703760000004}, {"id": 2274811, "date": "2021-05-14T03:20:14.632000+00:00", "price": 49357.07, "quantity": 0.090962, "market": "Binance", "side": "buy", "Mean": 49390.703760000004}, {"id": 2274809, "date": "2021-05-14T03:20:14.578000+00:00", "price": 49357.03, "quantity": 0.000405, "market": "Binance", "side": "sell", "Mean": 49390.703760000004}, {"id": 2274810, "date": "2021-05-14T03:20:14.578000+00:00", "price": 49357.02, "quantity": 0.318684, "market": "Binance", "side": "sell", "Mean": 49390.703760000004}, {"id": 2274807, "date": "2021-05-14T03:20:14.571000+00:00", "price": 49359.54, "quantity": 0.00081, "market": "Binance", "side": "buy", "Mean": 49390.703760000004}, {"id": 2274808, "date": "2021-05-14T03:20:14.571000+00:00", "price": 49359.55, "quantity": 0.01929, "market": "Binance", "side": "buy", "Mean": 49390.703760000004}, {"id": 2274805, "date": "2021-05-14T03:20:14.439000+00:00", "price": 49362.02, "quantity": 0.000405, "market": "Binance", "side": "buy", "Mean": 49390.703760000004}, {"id": 2274806, "date": "2021-05-14T03:20:14.439000+00:00", "price": 49362.03, "quantity": 0.004521, "market": "Binance", "side": "buy", "Mean": 49390.703760000004}, {"id": 2274803, "date": "2021-05-14T03:20:14.418000+00:00", "price": 49357.0, "quantity": 0.01, "market": "Binance", "side": "sell", "Mean": 49390.703760000004}, {"id": 2274804, "date": "2021-05-14T03:20:14.418000+00:00", "price": 49354.9, "quantity": 0.006176, "market": "Binance", "side": "sell", "Mean": 49390.703760000004}, {"id": 2274800, "date": "2021-05-14T03:20:14.374000+00:00", "price": 49364.49, "quantity": 0.013934, "market": "Binance", "side": "sell", "Mean": 49390.703760000004}, {"id": 2274788, "date": "2021-05-14T03:20:14.098000+00:00", "price": 49358.45, "quantity": 0.114, "market": "Binance", "side": "sell", "Mean": 49390.703760000004}, {"id": 2274789, "date": "2021-05-14T03:20:14.098000+00:00", "price": 49357.95, "quantity": 0.023, "market": "Binance", "side": "sell", "Mean": 49390.703760000004}, {"id": 2274790, "date": "2021-05-14T03:20:14.098000+00:00", "price": 49357.34, "quantity": 0.000496, "market": "Binance", "side": "sell", "Mean": 49390.703760000004}, {"id": 2274791, "date": "2021-05-14T03:20:14.098000+00:00", "price": 49355.52, "quantity": 0.137756, "market": "Binance", "side": "sell", "Mean": 49390.703760000004}, {"id": 2274792, "date": "2021-05-14T03:20:14.098000+00:00", "price": 49355.51, "quantity": 0.055369, "market": "Binance", "side": "sell", "Mean": 49390.703760000004}, {"id": 2274793, "date": "2021-05-14T03:20:14.098000+00:00", "price": 49355.23, "quantity": 0.014591, "market": "Binance", "side": "sell", "Mean": 49390.703760000004}, {"id": 2274794, "date": "2021-05-14T03:20:14.098000+00:00", "price": 49354.89, "quantity": 0.12594, "market": "Binance", "side": "sell", "Mean": 49390.703760000004}, {"id": 2274784, "date": "2021-05-14T03:20:13.973000+00:00", "price": 49360.81, "quantity": 0.206255, "market": "Binance", "side": "sell", "Mean": 49390.703760000004}, {"id": 2274782, "date": "2021-05-14T03:20:13.901000+00:00", "price": 49364.61, "quantity": 0.001032, "market": "Binance", "side": "buy", "Mean": 49390.703760000004}, {"id": 2274781, "date": "2021-05-14T03:20:13.881000+00:00", "price": 49360.82, "quantity": 0.159241, "market": "Binance", "side": "buy", "Mean": 49390.703760000004}, {"id": 2274780, "date": "2021-05-14T03:20:13.822000+00:00", "price": 49360.82, "quantity": 0.111259, "market": "Binance", "side": "buy", "Mean": 49390.703760000004}, {"id": 2274779, "date": "2021-05-14T03:20:13.784000+00:00", "price": 49360.82, "quantity": 0.016324, "market": "Binance", "side": "buy", "Mean": 49390.703760000004}, {"id": 2274776, "date": "2021-05-14T03:20:13.778000+00:00", "price": 49360.82, "quantity": 0.111256, "market": "Binance", "side": "buy", "Mean": 49390.703760000004}, {"id": 2274772, "date": "2021-05-14T03:20:13.724000+00:00", "price": 49360.82, "quantity": 0.000946, "market": "Binance", "side": "buy", "Mean": 49390.703760000004}, {"id": 2274764, "date": "2021-05-14T03:20:13.674000+00:00", "price": 49366.3, "quantity": 0.001435, "market": "Binance", "side": "sell", "Mean": 49390.703760000004}, {"id": 2274765, "date": "2021-05-14T03:20:13.674000+00:00", "price": 49366.0, "quantity": 0.01, "market": "Binance", "side": "sell", "Mean": 49390.703760000004}, {"id": 2274766, "date": "2021-05-14T03:20:13.674000+00:00", "price": 49365.16, "quantity": 0.002, "market": "Binance", "side": "sell", "Mean": 49390.703760000004}, {"id": 2274767, "date": "2021-05-14T03:20:13.674000+00:00", "price": 49362.33, "quantity": 0.13664, "market": "Binance", "side": "sell", "Mean": 49390.703760000004}, {"id": 2274768, "date": "2021-05-14T03:20:13.674000+00:00", "price": 49361.57, "quantity": 0.110935, "market": "Binance", "side": "sell", "Mean": 49390.703760000004}, {"id": 2274769, "date": "2021-05-14T03:20:13.674000+00:00", "price": 49360.82, "quantity": 0.056461, "market": "Binance", "side": "sell", "Mean": 49390.703760000004}, {"id": 2274753, "date": "2021-05-14T03:20:13.557000+00:00", "price": 49366.31, "quantity": 0.002, "market": "Binance", "side": "buy", "Mean": 49390.703760000004}, {"id": 2274752, "date": "2021-05-14T03:20:13.547000+00:00", "price": 49366.3, "quantity": 0.01011, "market": "Binance", "side": "sell", "Mean": 49390.703760000004}, {"id": 2274747, "date": "2021-05-14T03:20:13.505000+00:00", "price": 49366.31, "quantity": 0.000356, "market": "Binance", "side": "buy", "Mean": 49390.703760000004}, {"id": 2274740, "date": "2021-05-14T03:20:13.410000+00:00", "price": 49368.87, "quantity": 0.022243, "market": "Binance", "side": "sell", "Mean": 49390.703760000004}, {"id": 2274739, "date": "2021-05-14T03:20:13.398000+00:00", "price": 49368.87, "quantity": 0.000361, "market": "Binance", "side": "sell", "Mean": 49390.703760000004}, {"id": 2274738, "date": "2021-05-14T03:20:13.388000+00:00", "price": 49368.88, "quantity": 0.001737, "market": "Binance", "side": "buy", "Mean": 49390.703760000004}, {"id": 2274736, "date": "2021-05-14T03:20:13.369000+00:00", "price": 49368.88, "quantity": 0.278888, "market": "Binance", "side": "buy", "Mean": 49390.703760000004}, {"id": 2274735, "date": "2021-05-14T03:20:13.360000+00:00", "price": 49368.88, "quantity": 0.040853, "market": "Binance", "side": "buy", "Mean": 49390.703760000004}, {"id": 2274734, "date": "2021-05-14T03:20:13.351000+00:00", "price": 49368.88, "quantity": 0.200081, "market": "Binance", "side": "buy", "Mean": 49390.703760000004}, {"id": 2274733, "date": "2021-05-14T03:20:13.283000+00:00", "price": 49368.87, "quantity": 0.006066, "market": "Binance", "side": "sell", "Mean": 49390.703760000004}, {"id": 2274727, "date": "2021-05-14T03:20:13.136000+00:00", "price": 49368.89, "quantity": 0.01011, "market": "Binance", "side": "sell", "Mean": 49390.703760000004}, {"id": 2274723, "date": "2021-05-14T03:20:13.120000+00:00", "price": 49368.89, "quantity": 0.000636, "market": "Binance", "side": "sell", "Mean": 49390.703760000004}, {"id": 2274722, "date": "2021-05-14T03:20:13.009000+00:00", "price": 49368.88, "quantity": 0.014154, "market": "Binance", "side": "sell", "Mean": 49390.703760000004}, {"id": 2274720, "date": "2021-05-14T03:20:12.913000+00:00", "price": 49368.89, "quantity": 0.000405, "market": "Binance", "side": "sell", "Mean": 49390.703760000004}, {"id": 2274721, "date": "2021-05-14T03:20:12.913000+00:00", "price": 49368.88, "quantity": 0.013749, "market": "Binance", "side": "sell", "Mean": 49390.703760000004}, {"id": 2274718, "date": "2021-05-14T03:20:12.825000+00:00", "price": 49368.89, "quantity": 0.194908, "market": "Binance", "side": "buy", "Mean": 49390.703760000004}, {"id": 2274717, "date": "2021-05-14T03:20:12.804000+00:00", "price": 49368.88, "quantity": 0.009999, "market": "Binance", "side": "sell", "Mean": 49390.703760000004}, {"id": 2274714, "date": "2021-05-14T03:20:12.744000+00:00", "price": 49368.89, "quantity": 0.000627, "market": "Binance", "side": "buy", "Mean": 49390.703760000004}, {"id": 2274713, "date": "2021-05-14T03:20:12.737000+00:00", "price": 49368.88, "quantity": 0.08695, "market": "Binance", "side": "sell", "Mean": 49390.703760000004}, {"id": 2274707, "date": "2021-05-14T03:20:12.673000+00:00", "price": 49368.89, "quantity": 0.001011, "market": "Binance", "side": "buy", "Mean": 49390.703760000004}, {"id": 2274706, "date": "2021-05-14T03:20:12.631000+00:00", "price": 49368.89, "quantity": 0.000922, "market": "Binance", "side": "buy", "Mean": 49390.703760000004}, {"id": 2274704, "date": "2021-05-14T03:20:12.568000+00:00", "price": 49368.89, "quantity": 0.005675, "market": "Binance", "side": "buy", "Mean": 49390.703760000004}, {"id": 2274703, "date": "2021-05-14T03:20:12.540000+00:00", "price": 49368.89, "quantity": 0.000301, "market": "Binance", "side": "buy", "Mean": 49390.703760000004}, {"id": 2274702, "date": "2021-05-14T03:20:12.515000+00:00", "price": 49368.89, "quantity": 0.027593, "market": "Binance", "side": "buy", "Mean": 49390.703760000004}, {"id": 2274701, "date": "2021-05-14T03:20:12.462000+00:00", "price": 49368.89, "quantity": 0.0053, "market": "Binance", "side": "buy", "Mean": 49390.703760000004}